3234 5312
763 335 984 401 ..23-

286 531 388 596 inisse
411 533 484 597 eius
499 533 647 598 consilis.
685 532 794 618 Aquis
817 533 852 596 in
875 532 994 597 urbem
1018 532 1180 598 ducendis
1203 532 1340 602 studuit.
1364 534 1448 618 cogi·

288 647 416 704 tereret
429 640 481 704 vel
495 639 536 704 de
552 639 711 704 aedificiis
723 639 767 704 ad
780 661 848 704 rem
862 639 1016 704 navalem
1033 640 1286 723 pertinentibus.
1304 641 1448 717 Accedit,

285 746 376 831 quod
410 746 452 811 de
487 746 693 812 instituendo
725 747 934 832 synoecisnro
958 748 1105 832 primum
1139 748 1173 812 in
1210 747 1273 813 hac
1302 750 1449 813 oratione

285 853 388 918 verba
410 855 499 920 iecit.

391 1049 449 1115 III.
474 1050 512 1114 In
537 1050 695 1114 orationis
718 1051 762 1116 45
784 1051 807 1136 ξ
833 1051 873 1113 14
896 1051 960 1115 Dio
984 1073 1018 1115 se
1035 1051 1227 1136 saepissime
1250 1028 1448 1136 synoecismi

285 1157 490 1222 mentionem
513 1157 630 1222 iecisse
660 1155 749 1221 dicit.
798 1157 983 1223 Videamus
1015 1158 1125 1244 igitur,
1159 1181 1241 1223 num
1270 1159 1351 1224 tales
1380 1182 1448 1224 ora-

284 1264 391 1330 tiones
414 1269 554 1330 exstent.

390 1371 475 1444 4λ,8.
527 1371 555 1458 l)
586 1370 647 1452 iyrd
678 1372 744 1460 γάρ
774 1368 917 1462 ἡψάμην
946 1370 1148 1461 πράγματος.
1182 1371 1202 1440 δ’
1232 1399 1288 1456 μοι
1318 1377 1450 1440 πολλῶν

285 1482 332 1568 τῷ
354 1477 426 1546 ὄντι
450 1475 656 1568 πραγμάτων
679 1485 786 1546 αἴτιον
808 1491 919 1562 γέγονε
942 1491 997 1546 zai
1021 1487 1219 1566 θαυμαστῆς
1242 1473 1370 1566 αἠδίας.

392 1584 455 1662 ‚Ad
479 1607 548 1650 rem
572 1585 664 1650 enirn
686 1607 842 1670 agressus
865 1608 951 1657 sum.
976 1608 1062 1672 quae
1091 1587 1175 1650 milri
1208 1587 1389 1652 multorum
1414 1610 1449 1652 re

284 1713 363 1756 vera
387 1693 596 1776 negotiorum
622 1700 654 1757 et
677 1693 840 1758 mirabilis
863 1693 1038 1758 cuiusdam
1062 1693 1232 1758 molestiae
1248 1716 1348 1759 causa
1364 1695 1446 1758 tuit!

390 1800 580 1878 Quaeritur,
605 1821 646 1864 ex
670 1822 739 1885 qua
760 1822 796 1865 re
821 1801 885 1866 Dio
908 1823 1058 1865 summas
1082 1801 1251 1866 molestias
1274 1801 1336 1866 sibi
1359 1809 1449 1867 ortes

284 1928 355 1971 esse
380 1914 547 1992 queratur.
587 1909 698 1983 Quem
722 1909 757 1972 in
769 1909 1025 1993 insequentibus
1048 1929 1117 1973 non
1133 1916 1246 1994 aperte
1261 1910 1449 1994 ponuntiat,

283 2013 340 2078 sed
353 2015 602 2099 comparatione
616 2014 764 2099 quadam
775 2015 1026 2080 circumscribit.
1069 2017 1154 2081 Cum
1168 2016 1342 2081 Aristotele
1358 2017 1450 2080 enirn

282 2143 317 2186 sc
349 2122 487 2198 confert,
517 2122 576 2206 qui
606 2123 789 2206 quominus
822 2123 953 2208 Stagira
986 2123 1097 2188 diruta
1129 2124 1250 2188 iterum
1281 2123 1448 2200 conderet,

284 2227 409 2292 civium
428 2228 568 2293 stultitia
583 2229 765 2314 impeditus
778 2237 836 2302 est,
854 2230 912 2314 qui
928 2233 1097 2316 udliovd'
1116 2217 1250 2328 ᾔροῦνσο
1272 2233 1450 2320 διῳκίσθαι

281 2334 366 2402 κατά
391 2337 504 2422 κώμας
518 2354 584 2416 τοῖς
606 2339 790 2426 βαρβάροις
814 2341 940 2424 ὁμοίως,
967 2335 987 2426 ἢ
1004 2339 1111 2424 σχῆμα
1129 2337 1253 2418 πόλεως
1271 2350 1326 2406 καὶ
1343 2335 1448 2422 ὄνομα

281 2443 368 2527 ἔχειν
392 2442 423 2528 [ξ
439 2443 497 2528 ¹0]-
529 2443 581 2507 Ex
595 2443 719 2528 quibus
735 2444 845 2510 verbis
862 2467 1006 2530 pronum
1024 2453 1073 2510 est
1088 2445 1285 2510 concludere
1304 2445 1445 2510 Dionem

281 2548 337 2613 illo
362 2549 433 2614 loco
457 2549 498 2615 de
520 2551 727 2616 instituendo
751 2552 960 2637 synoecismo
992 2553 1146 2637 cogitare.
1195 2553 1347 2629 Quocum
1371 2573 1445 2616 con-

281 2657 372 2741 gruit
395 2658 503 2736 squ,
529 2657 587 2723 ubi
611 2665 811 2744 exposuerat
821 2659 885 2724 Dio
909 2660 1047 2725 consilio
1070 2660 1117 2724 illi
1141 2659 1271 2725 obstare
1295 2661 1354 2740 τὰς
1377 2663 1445 2727 δια·

280 2776 371 2844 νοίας
401 2770 468 2833 τῶν
490 2763 619 2834 ἐνθάδε
642 2767 833 2856 ἀνθρώπων
856 2769 960 2835 ἐνίων.
1008 2768 1079 2831 lum
1103 2789 1182 2832 vero
1205 2767 1327 2853 pergit:

386 2871 494 2950 47,st
523 2873 572 2936 12.
613 2872 644 2959 2)
667 2876 739 2940 a'tt’
764 2869 854 2954 ὅπως
874 2876 918 2960 μή
944 2887 999 2942 καὶ
1022 2877 1118 2944 τσῦιὸ
1140 2901 1203 2958 μιν
1227 2876 1371 2973 διαβάλῃ
1386 2901 1442 2955 τις,

280 2982 322 3054 ὥς
345 2981 407 3062 lyci
434 2981 597 3070 Στάγειρα
622 2993 678 3048 καὶ
701 2978 812 3067 κώμην
842 2986 934 3050 ιιαλιιῖ
964 2981 1042 3066 τήν
1079 2985 1214 3050 πάλιν
1245 2980 1410 3068 ταιῗιην
1436 3004 1442 3015 ·

280 3087 426 3173 δύναμαι
449 3084 512 3176 γάρ
537 3089 661 3173 ὀμόσας
677 3092 784 3180 εἰπεῖν
799 3091 964 3176 μηδεμίαν
985 3087 1087 3177 ἄλλην
1109 3091 1207 3157 πόλιν
1229 3092 1300 3175 ἐμοὶ
1316 3103 1444 3176 κρείττω

279 3177 473 3280 munieras,
490 3191 554 3261 κάν
577 3202 609 3260 ιλ
628 3197 732 3281 μόνον
748 3195 815 3281 εἶχε
838 3198 875 3263 τὸ
899 3200 1048 3282 χαλκεῖον
1066 3199 1113 3264 rd·
1126 3197 1182 3265 rod
1206 3199 1315 3274 δεινος,
1334 3193 1359 3263 ‘ii
1380 3198 1442 3294 lyci

280 3304 444 3370 κατέλυσα
470 3305 488 3370 d
511 3304 572 3382 σάς
595 3300 705 3378 πάλαις
729 3304 869 3392 πορθῶν
892 3317 948 3372 nal
972 3305 1031 3384 ιιὶς
1059 3298 1262 3393 άιιριιιὸλεις,
1312 3305 1361 3369 12.
1386 3309 1441 3372 ἵνα

280 3401 372 3477 δἀιῗν
393 3411 438 3496 μή
463 3411 694 3495 ἐπιλάθωμαι,
719 3401 765 3479 οὗ
787 3413 923 3497 χάριν
945 3411 1225 3498 άνέστην,...

388 3517 447 3592 ‚Ne
471 3538 550 3582 vero
574 3517 755 3601 quisquam
778 3518 863 3582 mihi
886 3540 961 3584 cam
977 3539 1111 3603 quoque
1129 3540 1199 3583 rem
1214 3519 1297 3584 falso
1313 3519 1443 3584 crimini

279 3623 344 3700 det,
379 3623 470 3710 quod
494 3623 625 3708 Stagira
641 3630 674 3688 et
696 3625 810 3718 vicum
833 3626 996 3711 oppidum
1013 3633 1165 3690 nostrum
1188 3626 1336 3692 nomino.
1353 3628 1444 3692 -lure

164 3727 167 3735 ’
279 3729 423 3796 iurando
447 3731 536 3794 enim
561 3733 758 3796 confirmare
781 3754 920 3817 possum
944 3733 1070 3798 nullam
1095 3733 1194 3798 aliam
1219 3733 1337 3798 urbem
1361 3735 1443 3799 mihi

280 3838 452 3904 meliorem
478 3838 585 3904 visam
610 3860 690 3916 esse,
716 3839 845 3904 etiamsi
870 3839 953 3905 nihil
975 3840 1039 3905 nisi
1055 3840 1207 3906 fabrilem
1231 3840 1323 3906 illam
1338 3842 1443 3908 cuius-

283 3944 364 4010 libet
388 3945 557 4010 olficinam
581 3945 727 4024 baberet,
752 3969 854 4032 quam
881 3969 941 4032 ego
966 3946 1053 4012 dirui
1077 3947 1254 4032 populator
1277 3948 1331 4013 ille
1353 3950 1443 4034 oppi-

278 4051 398 4118 dorum
408 4058 441 4117 et
447 4052 584 4118 arcium.
595 4052 660 4118 Sed
668 4075 711 4118 ne
718 4053 765 4118 rei
776 4052 963 4139 obliviscar,
970 4060 1105 4140 propter
1115 4076 1216 4140 quam
1226 4055 1354 4120 surrexi
1366 4107 1372 4120 .
1385 4109 1390 4121 .
1405 4108 1410 4120 .
1424 4057 1440 4120 .'

279 4253 483 4260 -..—..—-.—.-—
491 4253 526 4258 .-
555 4254 592 4258 -.-

385 4373 476 4442 47‚11.
516 4377 539 4431 l.
559 4372 637 4426 τοῦτο’
655 4393 717 4445 μον.
736 4380 781 4426 τοῦ
799 4373 880 4446 νόμον
896 4391 921 4429 v.
940 4381 987 4428 τοῦ
1007 4373 1090 4447 νόμον
1110 4393 1143 4429 m.
1157 4375 1275 4446 τοῦνομα
1289 4375 1395 4432 selden.
1409 4407 1442 4417 -

278 4459 400 4532 διαβάλῃ.
420 4461 550 4534 διαβάλλῃ
569 4464 602 4517 Β.
642 4470 666 4522 2.
685 4461 780 4534 κώμην
799 4463 832 4518 Β.
851 4465 891 4518 Μ.
911 4473 1016 4536 κωμίον
1043 4465 1152 4519 Reiskc.
1177 4462 1255 4517 πόλιν
1280 4466 1327 4520 rel.
1346 4464 1444 4548 ἄπολιν

278 4554 321 4606 vel
340 4550 371 4604 οὗ
390 4550 469 4604 πόλιν
488 4552 597 4611 Selden.
636 4559 677 4610 12.
698 4559 723 4610 2.
742 4551 863 4619 ἀνέστην.
883 4553 991 4606 ἅνεστιν
1010 4555 1050 4611 Μ.
