<?xml version="1.0" encoding="UTF-8"?>
<!DOCTYPE html PUBLIC "-//W3C//DTD XHTML 1.0 Transitional//EN"
    "http://www.w3.org/TR/xhtml1/DTD/xhtml1-transitional.dtd">
<html xmlns="http://www.w3.org/1999/xhtml" xml:lang="en" lang="en">
 <head>
  <title>
</title>
<meta http-equiv="Content-Type" content="text/html;charset=utf-8" />
  <meta name='ocr-system' content='tesseract 3.04.00' />
  <meta name='ocr-capabilities' content='ocr_page ocr_carea ocr_par ocr_line ocrx_word'/>
</head>
<body>
  <div class='ocr_page' id='page_1' title='image "./dedionischrysos00claugoog_0011.png"; bbox 0 0 3234 5312; ppageno 0'>
   <div class='ocr_carea' id='block_1_1' title="bbox 749 333 969 431">
    <p class='ocr_par' dir='ltr' id='par_1_1' title="bbox 749 333 969 431">
     <span class='ocr_line' id='line_1_1' title="bbox 749 333 969 431; baseline 0 0"><span class='ocrx_word' id='word_1_1' title='bbox 749 333 969 431; x_wconf 69' lang='lat'>.“&#39;&#39;2&#39;&#39;</span> 
     </span>
    </p>
   </div>
   <div class='ocr_carea' id='block_1_2' title="bbox 292 523 1451 2541">
    <p class='ocr_par' dir='ltr' id='par_1_2' title="bbox 292 523 1451 2541">
     <span class='ocr_line' id='line_1_2' title="bbox 294 523 1446 614; baseline -0.006 -20"><span class='ocrx_word' id='word_1_2' title='bbox 294 529 339 594; x_wconf 90' lang='lat' dir='ltr'>At</span> <span class='ocrx_word' id='word_1_3' title='bbox 361 528 486 595; x_wconf 90' lang='lat' dir='ltr'>bellum</span> <span class='ocrx_word' id='word_1_4' title='bbox 510 529 663 595; x_wconf 90' lang='lat' dir='ltr'>Getieum</span> <span class='ocrx_word' id='word_1_5' title='bbox 687 529 739 596; x_wconf 90' lang='lat' dir='ltr'>vel</span> <span class='ocrx_word' id='word_1_6' title='bbox 762 529 933 609; x_wconf 78' lang='lat' dir='ltr'>Dacicum,</span> <span class='ocrx_word' id='word_1_7' title='bbox 965 527 1056 614; x_wconf 90' lang='lat' dir='ltr'>quod</span> <span class='ocrx_word' id='word_1_8' title='bbox 1078 527 1242 593; x_wconf 86' lang='lat' dir='ltr'>Traianus</span> <span class='ocrx_word' id='word_1_9' title='bbox 1272 546 1360 591; x_wconf 91' lang='lat' dir='ltr'>anno</span> <span class='ocrx_word' id='word_1_10' title='bbox 1386 523 1446 590; x_wconf 93' lang='lat'>101</span> 
     </span>
     <span class='ocr_line' id='line_1_3' title="bbox 297 635 1448 716; baseline -0.004 -16"><span class='ocrx_word' id='word_1_11' title='bbox 297 636 381 716; x_wconf 88' lang='lat' dir='ltr'>iniit,</span> <span class='ocrx_word' id='word_1_12' title='bbox 406 657 494 702; x_wconf 92' lang='lat' dir='ltr'>anno</span> <span class='ocrx_word' id='word_1_13' title='bbox 522 637 581 702; x_wconf 77' lang='lat'>107</span> <span class='ocrx_word' id='word_1_14' title='bbox 598 637 787 702; x_wconf 84' lang='lat' dir='ltr'>conlectum</span> <span class='ocrx_word' id='word_1_15' title='bbox 804 657 874 702; x_wconf 89' lang='lat' dir='ltr'>esse</span> <span class='ocrx_word' id='word_1_16' title='bbox 891 636 1023 702; x_wconf 86' lang='lat' dir='ltr'>scimus.</span> <span class='ocrx_word' id='word_1_17' title='bbox 1071 635 1196 703; x_wconf 84' lang='lat' dir='ltr'>Vareni</span> <span class='ocrx_word' id='word_1_18' title='bbox 1211 639 1323 700; x_wconf 89' lang='lat' dir='ltr'>autem</span> <span class='ocrx_word' id='word_1_19' title='bbox 1339 652 1448 697; x_wconf 89' lang='lat' dir='ltr'>annus</span> 
     </span>
     <span class='ocr_line' id='line_1_4' title="bbox 293 740 1446 829; baseline -0.005 -21"><span class='ocrx_word' id='word_1_20' title='bbox 293 765 361 808; x_wconf 90' lang='lat' dir='ltr'>non</span> <span class='ocrx_word' id='word_1_21' title='bbox 385 749 522 822; x_wconf 83' lang='lat' dir='ltr'>constat,</span> <span class='ocrx_word' id='word_1_22' title='bbox 548 743 606 809; x_wconf 90' lang='lat' dir='ltr'>sed</span> <span class='ocrx_word' id='word_1_23' title='bbox 628 743 860 829; x_wconf 85' lang='lat' dir='ltr'>proconsulem</span> <span class='ocrx_word' id='word_1_24' title='bbox 884 764 960 808; x_wconf 91' lang='lat' dir='ltr'>eum</span> <span class='ocrx_word' id='word_1_25' title='bbox 984 742 1086 808; x_wconf 84' lang='lat' dir='ltr'>fuisse</span> <span class='ocrx_word' id='word_1_26' title='bbox 1109 742 1226 828; x_wconf 87' lang='lat' dir='ltr'>primis</span> <span class='ocrx_word' id='word_1_27' title='bbox 1255 740 1390 806; x_wconf 86' lang='lat' dir='ltr'>alterius</span> <span class='ocrx_word' id='word_1_28' title='bbox 1415 760 1446 823; x_wconf 94' lang='lat' dir='ltr'>p.</span> 
     </span>
     <span class='ocr_line' id='line_1_5' title="bbox 292 844 1451 932; baseline -0.005 -18"><span class='ocrx_word' id='word_1_29' title='bbox 292 849 352 916; x_wconf 85' lang='lat' dir='ltr'>ch.</span> <span class='ocrx_word' id='word_1_30' title='bbox 376 871 408 915; x_wconf 90' lang='lat' dir='ltr'>n.</span> <span class='ocrx_word' id='word_1_31' title='bbox 427 850 549 915; x_wconf 88' lang='lat' dir='ltr'>saeculi</span> <span class='ocrx_word' id='word_1_32' title='bbox 565 851 662 915; x_wconf 90' lang='lat' dir='ltr'>annis</span> <span class='ocrx_word' id='word_1_33' title='bbox 679 851 802 916; x_wconf 86' lang='lat' dir='ltr'>frustra</span> <span class='ocrx_word' id='word_1_34' title='bbox 816 856 932 916; x_wconf 88' lang='lat' dir='ltr'>eontra</span> <span class='ocrx_word' id='word_1_35' title='bbox 947 851 1077 920; x_wconf 81' lang='lat' dir='ltr'>Marini.</span> <span class='ocrx_word' id='word_1_36' title='bbox 1094 851 1238 927; x_wconf 81' lang='lat' dir='ltr'>Messon,</span> <span class='ocrx_word' id='word_1_37' title='bbox 1255 844 1451 932; x_wconf 86' lang='lat' dir='ltr'>Marquardt</span> 
     </span>
     <span class='ocr_line' id='line_1_6' title="bbox 298 955 1449 1046; baseline -0.004 -25"><span class='ocrx_word' id='word_1_38' title='bbox 298 956 484 1042; x_wconf 76' lang='lat' dir='ltr'>[Romische</span> <span class='ocrx_word' id='word_1_39' title='bbox 496 957 723 1022; x_wconf 84' lang='lat' dir='ltr'>Alterthiimer</span> <span class='ocrx_word' id='word_1_40' title='bbox 738 955 848 1046; x_wconf 80' lang='lat'>(1851)</span> <span class='ocrx_word' id='word_1_41' title='bbox 862 957 1031 1040; x_wconf 77' lang='lat'>111,1‚150]</span> <span class='ocrx_word' id='word_1_42' title='bbox 1045 957 1181 1042; x_wconf 86' lang='lat' dir='ltr'>negavit</span> <span class='ocrx_word' id='word_1_43' title='bbox 1196 955 1449 1021; x_wconf 82' lang='lat' dir='ltr'>Schoenemann</span> 
     </span>
     <span class='ocr_line' id='line_1_7' title="bbox 295 1061 1450 1150; baseline -0.004 -22"><span class='ocrx_word' id='word_1_44' title='bbox 295 1064 354 1147; x_wconf 87' lang='lat' dir='ltr'>[De</span> <span class='ocrx_word' id='word_1_45' title='bbox 365 1063 522 1150; x_wconf 79' lang='lat' dir='ltr'><strong>Bithynia</strong></span> <span class='ocrx_word' id='word_1_46' title='bbox 539 1070 571 1129; x_wconf 91' lang='lat' dir='ltr'>et</span> <span class='ocrx_word' id='word_1_47' title='bbox 582 1064 688 1129; x_wconf 88' lang='lat' dir='ltr'>Ponto</span> <span class='ocrx_word' id='word_1_48' title='bbox 699 1064 871 1150; x_wconf 88' lang='lat' dir='ltr'>provincia</span> <span class='ocrx_word' id='word_1_49' title='bbox 885 1064 1039 1129; x_wconf 82' lang='lat' dir='ltr'>Romana</span> <span class='ocrx_word' id='word_1_50' title='bbox 1053 1086 1106 1150; x_wconf 88' lang='lat' dir='ltr'>pg.</span> <span class='ocrx_word' id='word_1_51' title='bbox 1125 1061 1178 1150; x_wconf 86' lang='lat'>30]</span> <span class='ocrx_word' id='word_1_52' title='bbox 1194 1069 1225 1128; x_wconf 90' lang='lat' dir='ltr'>et</span> <span class='ocrx_word' id='word_1_53' title='bbox 1234 1061 1450 1128; x_wconf 86' lang='lat' dir='ltr'>confirmatur</span> 
     </span>
     <span class='ocr_line' id='line_1_8' title="bbox 293 1168 1449 1256; baseline -0.003 -22"><span class='ocrx_word' id='word_1_54' title='bbox 293 1169 441 1235; x_wconf 89' lang='lat' dir='ltr'>oratione</span> <span class='ocrx_word' id='word_1_55' title='bbox 463 1171 515 1236; x_wconf 87' lang='grc'>48.</span> <span class='ocrx_word' id='word_1_56' title='bbox 562 1170 679 1256; x_wconf 90' lang='lat' dir='ltr'>Itaque</span> <span class='ocrx_word' id='word_1_57' title='bbox 711 1191 827 1236; x_wconf 90' lang='lat' dir='ltr'>omnes</span> <span class='ocrx_word' id='word_1_58' title='bbox 850 1171 1014 1236; x_wconf 85' lang='lat' dir='ltr'>orationes</span> <span class='ocrx_word' id='word_1_59' title='bbox 1044 1170 1200 1238; x_wconf 86' lang='lat' dir='ltr'>videntur</span> <span class='ocrx_word' id='word_1_60' title='bbox 1223 1168 1355 1234; x_wconf 85' lang='lat' dir='ltr'>habitae</span> <span class='ocrx_word' id='word_1_61' title='bbox 1378 1188 1449 1232; x_wconf 87' lang='lat' dir='ltr'>esse</span> 
     </span>
     <span class='ocr_line' id='line_1_9' title="bbox 297 1275 1359 1363; baseline -0.001 -21"><span class='ocrx_word' id='word_1_62' title='bbox 297 1282 373 1362; x_wconf 85' lang='lat' dir='ltr'>post</span> <span class='ocrx_word' id='word_1_63' title='bbox 394 1276 524 1344; x_wconf 85' lang='lat' dir='ltr'>Nervae</span> <span class='ocrx_word' id='word_1_64' title='bbox 547 1283 689 1343; x_wconf 87' lang='lat' dir='ltr'>mortem</span> <span class='ocrx_word' id='word_1_65' title='bbox 712 1278 753 1342; x_wconf 83' lang='lat'>98</span> <span class='ocrx_word' id='word_1_66' title='bbox 782 1284 815 1342; x_wconf 89' lang='lat' dir='ltr'>et</span> <span class='ocrx_word' id='word_1_67' title='bbox 838 1283 915 1343; x_wconf 90' lang='lat' dir='ltr'>ante</span> <span class='ocrx_word' id='word_1_68' title='bbox 938 1277 1038 1343; x_wconf 85' lang='lat' dir='ltr'>Plinii</span> <span class='ocrx_word' id='word_1_69' title='bbox 1061 1277 1260 1363; x_wconf 79' lang='lat' dir='ltr'>legationem</span> <span class='ocrx_word' id='word_1_70' title='bbox 1288 1275 1359 1341; x_wconf 88' lang='lat'>110.</span> 
     </span>
     <span class='ocr_line' id='line_1_10' title="bbox 397 1384 1449 1471; baseline -0.001 -24"><span class='ocrx_word' id='word_1_71' title='bbox 397 1384 566 1469; x_wconf 85' lang='lat' dir='ltr'>Reputent</span> <span class='ocrx_word' id='word_1_72' title='bbox 588 1390 700 1450; x_wconf 84' lang='lat' dir='ltr'>autem</span> <span class='ocrx_word' id='word_1_73' title='bbox 731 1385 877 1470; x_wconf 86' lang='lat' dir='ltr'>legentes</span> <span class='ocrx_word' id='word_1_74' title='bbox 900 1405 1009 1471; x_wconf 90' lang='lat' dir='ltr'>neque</span> <span class='ocrx_word' id='word_1_75' title='bbox 1035 1385 1151 1451; x_wconf 88' lang='lat' dir='ltr'>Dionis</span> <span class='ocrx_word' id='word_1_76' title='bbox 1183 1385 1288 1450; x_wconf 89' lang='lat' dir='ltr'>vitam</span> <span class='ocrx_word' id='word_1_77' title='bbox 1318 1403 1372 1447; x_wconf 92' lang='lat' dir='ltr'>me</span> <span class='ocrx_word' id='word_1_78' title='bbox 1395 1402 1449 1448; x_wconf 87' lang='lat' dir='ltr'>vo-</span> 
     </span>
     <span class='ocr_line' id='line_1_11' title="bbox 293 1488 1447 1578; baseline -0.003 -23"><span class='ocrx_word' id='word_1_79' title='bbox 293 1490 393 1556; x_wconf 86' lang='lat' dir='ltr'>luisse</span> <span class='ocrx_word' id='word_1_80' title='bbox 410 1512 562 1556; x_wconf 90' lang='lat' dir='ltr'>enarrare</span> <span class='ocrx_word' id='word_1_81' title='bbox 576 1513 686 1578; x_wconf 90' lang='lat' dir='ltr'>neque</span> <span class='ocrx_word' id='word_1_82' title='bbox 702 1491 879 1578; x_wconf 79' lang='lat' dir='ltr'>Bithyniae</span> <span class='ocrx_word' id='word_1_83' title='bbox 897 1492 1088 1578; x_wconf 86' lang='lat' dir='ltr'>provinciae</span> <span class='ocrx_word' id='word_1_84' title='bbox 1105 1492 1279 1557; x_wconf 81' lang='lat' dir='ltr'>historiam</span> <span class='ocrx_word' id='word_1_85' title='bbox 1295 1488 1447 1555; x_wconf 87' lang='lat' dir='ltr'>seribere.</span> 
     </span>
     <span class='ocr_line' id='line_1_12' title="bbox 293 1595 1449 1685; baseline -0.003 -23"><span class='ocrx_word' id='word_1_86' title='bbox 293 1597 411 1662; x_wconf 89' lang='lat' dir='ltr'>Diouis</span> <span class='ocrx_word' id='word_1_87' title='bbox 434 1598 524 1663; x_wconf 89' lang='lat' dir='ltr'>enim</span> <span class='ocrx_word' id='word_1_88' title='bbox 548 1599 722 1677; x_wconf 88' lang='lat' dir='ltr'>orationes,</span> <span class='ocrx_word' id='word_1_89' title='bbox 747 1599 827 1685; x_wconf 90' lang='lat' dir='ltr'>quia</span> <span class='ocrx_word' id='word_1_90' title='bbox 849 1599 964 1664; x_wconf 89' lang='lat' dir='ltr'>multis</span> <span class='ocrx_word' id='word_1_91' title='bbox 979 1599 1059 1664; x_wconf 86' lang='lat' dir='ltr'>loeis</span> <span class='ocrx_word' id='word_1_92' title='bbox 1078 1597 1237 1664; x_wconf 86' lang='lat' dir='ltr'>obscurae</span> <span class='ocrx_word' id='word_1_93' title='bbox 1253 1603 1341 1676; x_wconf 86' lang='lat' dir='ltr'>suut,</span> <span class='ocrx_word' id='word_1_94' title='bbox 1366 1595 1449 1660; x_wconf 90' lang='lat' dir='ltr'>ratio</span> 
     </span>
     <span class='ocr_line' id='line_1_13' title="bbox 293 1703 1450 1792; baseline -0.003 -22"><span class='ocrx_word' id='word_1_95' title='bbox 293 1705 447 1790; x_wconf 89' lang='lat' dir='ltr'>postulat,</span> <span class='ocrx_word' id='word_1_96' title='bbox 471 1711 510 1770; x_wconf 89' lang='lat' dir='ltr'>ut</span> <span class='ocrx_word' id='word_1_97' title='bbox 531 1705 678 1790; x_wconf 90' lang='lat' dir='ltr'>primum</span> <span class='ocrx_word' id='word_1_98' title='bbox 701 1727 760 1792; x_wconf 90' lang='lat' dir='ltr'>per</span> <span class='ocrx_word' id='word_1_99' title='bbox 783 1727 817 1772; x_wconf 91' lang='lat' dir='ltr'>se</span> <span class='ocrx_word' id='word_1_100' title='bbox 841 1707 1074 1772; x_wconf 85' lang='lat' dir='ltr'>examinentur</span> <span class='ocrx_word' id='word_1_101' title='bbox 1097 1711 1129 1771; x_wconf 92' lang='lat' dir='ltr'>et</span> <span class='ocrx_word' id='word_1_102' title='bbox 1144 1705 1294 1791; x_wconf 86' lang='lat' dir='ltr'>singulae</span> <span class='ocrx_word' id='word_1_103' title='bbox 1310 1703 1450 1789; x_wconf 85' lang='lat' dir='ltr'>singulis</span> 
     </span>
     <span class='ocr_line' id='line_1_14' title="bbox 295 1811 1450 1900; baseline -0.003 -23"><span class='ocrx_word' id='word_1_104' title='bbox 295 1812 511 1897; x_wconf 84' lang='lat' dir='ltr'>explicentur.</span> <span class='ocrx_word' id='word_1_105' title='bbox 559 1812 658 1889; x_wconf 78' lang='lat' dir='ltr'>Quod</span> <span class='ocrx_word' id='word_1_106' title='bbox 685 1813 765 1898; x_wconf 90' lang='lat' dir='ltr'>quia</span> <span class='ocrx_word' id='word_1_107' title='bbox 787 1813 870 1878; x_wconf 90' lang='lat' dir='ltr'>mihi</span> <span class='ocrx_word' id='word_1_108' title='bbox 893 1813 1061 1900; x_wconf 80' lang='lat' dir='ltr'>proposui.</span> <span class='ocrx_word' id='word_1_109' title='bbox 1085 1812 1246 1891; x_wconf 88' lang='lat' dir='ltr'>consulto,</span> <span class='ocrx_word' id='word_1_110' title='bbox 1270 1833 1312 1877; x_wconf 92' lang='lat' dir='ltr'>ne</span> <span class='ocrx_word' id='word_1_111' title='bbox 1342 1811 1450 1876; x_wconf 90' lang='lat' dir='ltr'>aliena</span> 
     </span>
     <span class='ocr_line' id='line_1_15' title="bbox 293 1916 1450 2007; baseline -0.003 -23"><span class='ocrx_word' id='word_1_112' title='bbox 293 1918 524 1998; x_wconf 86' lang='lat' dir='ltr'>immiseerem,</span> <span class='ocrx_word' id='word_1_113' title='bbox 560 1941 603 1984; x_wconf 90' lang='lat' dir='ltr'>ne</span> <span class='ocrx_word' id='word_1_114' title='bbox 625 1919 725 1984; x_wconf 90' lang='lat' dir='ltr'>Plinii</span> <span class='ocrx_word' id='word_1_115' title='bbox 753 1920 890 2005; x_wconf 88' lang='lat' dir='ltr'>quidem</span> <span class='ocrx_word' id='word_1_116' title='bbox 914 1921 1072 2007; x_wconf 86' lang='lat' dir='ltr'>epistulas</span> <span class='ocrx_word' id='word_1_117' title='bbox 1106 1921 1171 1986; x_wconf 86' lang='lat' dir='ltr'>nisi</span> <span class='ocrx_word' id='word_1_118' title='bbox 1206 1919 1372 1986; x_wconf 89' lang='lat' dir='ltr'>rarissime</span> <span class='ocrx_word' id='word_1_119' title='bbox 1407 1916 1450 1982; x_wconf 90' lang='lat' dir='ltr'>ad</span> 
     </span>
     <span class='ocr_line' id='line_1_16' title="bbox 294 2024 1449 2112; baseline -0.002 -22"><span class='ocrx_word' id='word_1_120' title='bbox 294 2025 529 2111; x_wconf 88' lang='lat' dir='ltr'>explicandum</span> <span class='ocrx_word' id='word_1_121' title='bbox 552 2025 695 2091; x_wconf 89' lang='lat' dir='ltr'>Dionem</span> <span class='ocrx_word' id='word_1_122' title='bbox 719 2026 866 2092; x_wconf 90' lang='lat' dir='ltr'>adhibui.</span> <span class='ocrx_word' id='word_1_123' title='bbox 914 2026 980 2092; x_wconf 86' lang='lat' dir='ltr'>Se&#39;d</span> <span class='ocrx_word' id='word_1_124' title='bbox 1003 2028 1083 2112; x_wconf 91' lang='lat' dir='ltr'>quia</span> <span class='ocrx_word' id='word_1_125' title='bbox 1098 2049 1119 2092; x_wconf 92' lang='lat' dir='ltr'>a</span> <span class='ocrx_word' id='word_1_126' title='bbox 1133 2028 1241 2093; x_wconf 91' lang='lat' dir='ltr'>Dione</span> <span class='ocrx_word' id='word_1_127' title='bbox 1258 2024 1449 2092; x_wconf 88' lang='lat' dir='ltr'>exeundum</span> 
     </span>
     <span class='ocr_line' id='line_1_17' title="bbox 295 2133 1451 2220; baseline -0.001 -24"><span class='ocrx_word' id='word_1_128' title='bbox 295 2139 353 2211; x_wconf 88' lang='lat' dir='ltr'>est,</span> <span class='ocrx_word' id='word_1_129' title='bbox 378 2153 473 2217; x_wconf 89' lang='lat' dir='ltr'>spero</span> <span class='ocrx_word' id='word_1_130' title='bbox 496 2134 565 2198; x_wconf 85' lang='grc'><strong>1010</strong></span> <span class='ocrx_word' id='word_1_131' title='bbox 589 2140 627 2197; x_wconf 92' lang='lat' dir='ltr'>ut</span> <span class='ocrx_word' id='word_1_132' title='bbox 648 2133 702 2200; x_wconf 87' lang='lat' dir='ltr'>vel</span> <span class='ocrx_word' id='word_1_133' title='bbox 725 2134 781 2213; x_wconf 87' lang='lat' dir='ltr'>eis,</span> <span class='ocrx_word' id='word_1_134' title='bbox 806 2134 866 2220; x_wconf 91' lang='lat' dir='ltr'>qui</span> <span class='ocrx_word' id='word_1_135' title='bbox 888 2135 1014 2199; x_wconf 90' lang='lat' dir='ltr'>maiora</span> <span class='ocrx_word' id='word_1_136' title='bbox 1044 2134 1101 2200; x_wconf 91' lang='lat' dir='ltr'>illa</span> <span class='ocrx_word' id='word_1_137' title='bbox 1131 2134 1321 2220; x_wconf 87' lang='lat' dir='ltr'>suscipient,</span> <span class='ocrx_word' id='word_1_138' title='bbox 1350 2152 1451 2217; x_wconf 90' lang='lat' dir='ltr'>opera</span> 
     </span>
     <span class='ocr_line' id='line_1_18' title="bbox 294 2238 1449 2318; baseline 0.001 -16"><span class='ocrx_word' id='word_1_139' title='bbox 294 2260 370 2303; x_wconf 88' lang='lat' dir='ltr'>mea</span> <span class='ocrx_word' id='word_1_140' title='bbox 394 2239 484 2304; x_wconf 87' lang='lat' dir='ltr'>utilis</span> <span class='ocrx_word' id='word_1_141' title='bbox 507 2238 668 2305; x_wconf 89' lang='lat' dir='ltr'>videatur.</span> <span class='ocrx_word' id='word_1_142' title='bbox 717 2241 828 2318; x_wconf 75' lang='lat' dir='ltr'>Quam</span> <span class='ocrx_word' id='word_1_143' title='bbox 852 2242 990 2306; x_wconf 82' lang='lat' dir='ltr'>fortasse</span> <span class='ocrx_word' id='word_1_144' title='bbox 1007 2241 1104 2306; x_wconf 89' lang='lat' dir='ltr'>etiam</span> <span class='ocrx_word' id='word_1_145' title='bbox 1122 2243 1152 2307; x_wconf 94' lang='lat' dir='ltr'>ei</span> <span class='ocrx_word' id='word_1_146' title='bbox 1168 2263 1235 2307; x_wconf 90' lang='lat' dir='ltr'>non</span> <span class='ocrx_word' id='word_1_147' title='bbox 1253 2240 1324 2306; x_wconf 91' lang='lat' dir='ltr'>sine</span> <span class='ocrx_word' id='word_1_148' title='bbox 1339 2241 1449 2304; x_wconf 85' lang='lat' dir='ltr'>fructu</span> 
     </span>
     <span class='ocr_line' id='line_1_19' title="bbox 294 2343 1450 2434; baseline 0.001 -24"><span class='ocrx_word' id='word_1_149' title='bbox 294 2343 510 2425; x_wconf 90' lang='lat' dir='ltr'>adhibebunt,</span> <span class='ocrx_word' id='word_1_150' title='bbox 546 2345 604 2431; x_wconf 90' lang='lat' dir='ltr'>qui</span> <span class='ocrx_word' id='word_1_151' title='bbox 639 2347 864 2413; x_wconf 87' lang='lat' dir='ltr'>emendationi</span> <span class='ocrx_word' id='word_1_152' title='bbox 898 2348 1087 2413; x_wconf 88' lang='lat' dir='ltr'>orationum</span> <span class='ocrx_word' id='word_1_153' title='bbox 1121 2369 1162 2413; x_wconf 87' lang='lat' dir='ltr'>ex</span> <span class='ocrx_word' id='word_1_154' title='bbox 1200 2354 1293 2434; x_wconf 87' lang='lat' dir='ltr'>parte</span> <span class='ocrx_word' id='word_1_155' title='bbox 1330 2347 1450 2412; x_wconf 88' lang='lat' dir='ltr'>misere</span> 
     </span>
     <span class='ocr_line' id='line_1_20' title="bbox 295 2452 1451 2541; baseline 0 -25"><span class='ocrx_word' id='word_1_156' title='bbox 295 2457 527 2538; x_wconf 86' lang='lat' dir='ltr'>corruptarum</span> <span class='ocrx_word' id='word_1_157' title='bbox 557 2474 694 2537; x_wconf 89' lang='lat' dir='ltr'>operam</span> <span class='ocrx_word' id='word_1_158' title='bbox 726 2452 816 2519; x_wconf 90' lang='lat' dir='ltr'>dant.</span> <span class='ocrx_word' id='word_1_159' title='bbox 873 2454 990 2541; x_wconf 90' lang='lat' dir='ltr'>Neque</span> <span class='ocrx_word' id='word_1_160' title='bbox 1029 2455 1119 2520; x_wconf 89' lang='lat' dir='ltr'>enim</span> <span class='ocrx_word' id='word_1_161' title='bbox 1155 2476 1257 2521; x_wconf 85' lang='lat' dir='ltr'>ausus</span> <span class='ocrx_word' id='word_1_162' title='bbox 1294 2475 1368 2519; x_wconf 90' lang='lat' dir='ltr'>sum</span> <span class='ocrx_word' id='word_1_163' title='bbox 1407 2452 1451 2517; x_wconf 91' lang='lat' dir='ltr'>ad</span> 
     </span>
    </p>
   </div>
   <div class='ocr_carea' id='block_1_3' title="bbox 170 2557 1452 2647">
    <p class='ocr_par' dir='ltr' id='par_1_3' title="bbox 170 2557 1452 2647">
     <span class='ocr_line' id='line_1_21' title="bbox 170 2557 1452 2647; baseline 0 -23"><span class='ocrx_word' id='word_1_164' title='bbox 170 2605 178 2624; x_wconf 80' lang='grc'><strong><em>,</em></strong></span> <span class='ocrx_word' id='word_1_165' title='bbox 296 2557 562 2624; x_wconf 88' lang='lat' dir='ltr'>emendationem</span> <span class='ocrx_word' id='word_1_166' title='bbox 578 2560 650 2646; x_wconf 86' lang='lat' dir='ltr'>ipse</span> <span class='ocrx_word' id='word_1_167' title='bbox 666 2560 830 2640; x_wconf 86' lang='lat' dir='ltr'>accedere,</span> <span class='ocrx_word' id='word_1_168' title='bbox 855 2559 913 2626; x_wconf 88' lang='lat' dir='ltr'>sed</span> <span class='ocrx_word' id='word_1_169' title='bbox 929 2560 1086 2629; x_wconf 86' lang='lat' dir='ltr'>adnotavi</span> <span class='ocrx_word' id='word_1_170' title='bbox 1102 2561 1286 2627; x_wconf 90' lang='lat' dir='ltr'>secundum</span> <span class='ocrx_word' id='word_1_171' title='bbox 1303 2559 1452 2647; x_wconf 83' lang='lat' dir='ltr'>Emperii</span> 
     </span>
    </p>
   </div>
   <div class='ocr_carea' id='block_1_4' title="bbox 295 2664 1453 2946">
    <p class='ocr_par' dir='ltr' id='par_1_4' title="bbox 295 2664 1453 2946">
     <span class='ocr_line' id='line_1_22' title="bbox 296 2664 1450 2753; baseline 0.003 -24"><span class='ocrx_word' id='word_1_172' title='bbox 296 2664 476 2730; x_wconf 87' lang='lat' dir='ltr'>editionem</span> <span class='ocrx_word' id='word_1_173' title='bbox 503 2669 579 2751; x_wconf 90' lang='lat' dir='ltr'>[qua</span> <span class='ocrx_word' id='word_1_174' title='bbox 601 2667 650 2731; x_wconf 89' lang='lat' dir='ltr'>uti</span> <span class='ocrx_word' id='word_1_175' title='bbox 673 2668 737 2732; x_wconf 90' lang='lat' dir='ltr'>hoc</span> <span class='ocrx_word' id='word_1_176' title='bbox 760 2673 908 2753; x_wconf 88' lang='lat' dir='ltr'>tempore</span> <span class='ocrx_word' id='word_1_177' title='bbox 932 2689 993 2753; x_wconf 89' lang='lat' dir='ltr'>par</span> <span class='ocrx_word' id='word_1_178' title='bbox 1016 2674 1085 2734; x_wconf 90' lang='lat' dir='ltr'>erat</span> <span class='ocrx_word' id='word_1_179' title='bbox 1113 2669 1149 2734; x_wconf 87' lang='lat' dir='ltr'>iu</span> <span class='ocrx_word' id='word_1_180' title='bbox 1171 2669 1212 2734; x_wconf 92' lang='lat' dir='ltr'>iis</span> <span class='ocrx_word' id='word_1_181' title='bbox 1235 2667 1450 2743; x_wconf 81' lang='lat' dir='ltr'>orationibus,</span> 
     </span>
     <span class='ocr_line' id='line_1_23' title="bbox 296 2773 1453 2859; baseline 0.002 -23"><span class='ocrx_word' id='word_1_182' title='bbox 296 2793 381 2856; x_wconf 88' lang='lat' dir='ltr'>quas</span> <span class='ocrx_word' id='word_1_183' title='bbox 415 2773 574 2859; x_wconf 84' lang='lat' dir='ltr'>tractavi]‚</span> <span class='ocrx_word' id='word_1_184' title='bbox 609 2773 710 2839; x_wconf 91' lang='lat' dir='ltr'>ubia</span> <span class='ocrx_word' id='word_1_185' title='bbox 743 2773 904 2839; x_wconf 89' lang='lat' dir='ltr'>librorum</span> <span class='ocrx_word' id='word_1_186' title='bbox 938 2775 1078 2840; x_wconf 89' lang='lat' dir='ltr'>lectione</span> <span class='ocrx_word' id='word_1_187' title='bbox 1110 2775 1194 2840; x_wconf 93' lang='lat' dir='ltr'>mihi</span> <span class='ocrx_word' id='word_1_188' title='bbox 1228 2774 1453 2841; x_wconf 88' lang='lat' dir='ltr'>necessarium</span> 
     </span>
     <span class='ocr_line' id='line_1_24' title="bbox 295 2879 987 2946; baseline 0 0"><span class='ocrx_word' id='word_1_189' title='bbox 295 2879 407 2946; x_wconf 84' lang='lat' dir='ltr'>visum</span> <span class='ocrx_word' id='word_1_190' title='bbox 430 2879 572 2945; x_wconf 84' lang='lat' dir='ltr'>situum</span> <span class='ocrx_word' id='word_1_191' title='bbox 595 2881 675 2946; x_wconf 87' lang='lat' dir='ltr'>viris</span> <span class='ocrx_word' id='word_1_192' title='bbox 699 2881 803 2946; x_wconf 88' lang='lat' dir='ltr'>doctis</span> <span class='ocrx_word' id='word_1_193' title='bbox 826 2879 987 2946; x_wconf 86' lang='lat' dir='ltr'>recedere.</span> 
     </span>
    </p>
   </div>
   <div class='ocr_carea' id='block_1_5' title="bbox 0 0 1628 5312">
    <p class='ocr_par' dir='ltr' id='par_1_5' title="bbox 0 0 1628 5312">
     <span class='ocr_line' id='line_1_25' title="bbox 0 0 1628 5312; baseline 0 0"><span class='ocrx_word' id='word_1_194' title='bbox 0 0 1628 5312; x_wconf 95' lang='lat' dir='ltr'> </span> 
     </span>
    </p>
   </div>
  </div>
 </body>
</html>
