3234 5312
168 1427 215 1506 Α.
270 1425 333 1506 lte
362 1423 573 1506 dioecesis
601 1423 852 1526 privilegiis
872 1423 1038 1504 Prusae
1066 1422 1298 1505 concessis,

256 1620 281 1684 I.
328 1619 436 1697 40,10.
474 1619 502 1701 l)
525 1613 562 1688 εὖ
577 1621 640 1705 γάρ
664 1627 740 1695 ἴστε,
766 1615 816 1686 δτι
840 1631 976 1694 καὶτοῖς
1001 1615 1234 1705 οἰκοδομήμασι
1257 1629 1312 1686 καὶ

154 1745 225 1806 ταῖς
249 1733 373 1812 ἑορταῖς
397 1739 452 1796 καὶ
475 1733 524 1815 τῷ
558 1728 705 1805 δικάζειν
736 1720 829 1794 αάτοῐ
859 1734 915 1793 καὶ
942 1726 987 1814 τῷ
1017 1723 1060 1813 μή
1093 1727 1171 1810 παρ)
1194 1729 1314 1814 ἑτέροις

149 1835 367 1913 ἐξετάζεσθαι
399 1836 483 1921 μηδὲ
519 1837 682 1902 συντελεῖν
721 1829 841 1907 ἄλλοις,
879 1833 1039 1919 καθάπερ
1069 1830 1162 1916 οἶμαι
1192 1833 1312 1917 κώμην,

150 1941 232 2008 πᾶσι
256 1938 378 2020 τούτοις
402 1949 620 2028 συναίρεσθαι
643 1950 767 2021 πέφυκε
783 1941 820 2006 τδ
844 1939 993 2027 φρόνημα
1016 1946 1083 2006 τιδν
1106 1940 1234 2006 πόλεων
1258 1949 1313 2005 καὶ

152 2052 263 2132 μεῖζον
288 2050 418 2134 άξίωμα
435 2037 609 2131 γίγνεσθάι
633 2045 669 2114 τδ
694 2055 752 2114 τοτ’·
774 2047 879 2132 δήμου
902 2057 957 2111 καὶ
981 2049 1117 2124 πλέονος
1141 2043 1314 2130 τυγχάνειν

149 2155 243 2242 τιμῆς
266 2166 320 2221 καὶ
344 2152 437 2240 παρά
463 2159 528 2220 τῶν
550 2151 797 2241 ἐπιδημούντων
827 2159 928 2231 ξένων
960 2165 1015 2220 καῖ
1038 2153 1132 2241 παρά
1156 2159 1222 2220 τῶν
1245 2155 1312 2238 ἡγε-

148 2259 267 2349 μόνων.

257 2368 384 2453 ,Neque
408 2367 497 2433 enim
522 2367 682 2453 ignoratis
710 2373 742 2431 ct
765 2365 923 2431 aedificiis
958 2372 990 2430 et
1024 2364 1141 2430 diebus
1165 2365 1256 2430 iestis
1281 2371 1315 2430 et

149 2475 292 2560 propriis
320 2475 452 2540 iudiciis
486 2495 591 2559 eaque
626 2473 827 2559 reipublicae
863 2471 1066 2550 condicione,
1102 2493 1170 2558 qua
1202 2493 1312 2558 neque

148 2589 315 2668 coguntur
337 2581 426 2648 cives
451 2581 541 2666 apud
565 2581 646 2646 aiios
680 2579 820 2646 iudicari
854 2601 963 2665 neque
997 2579 1070 2643 aliis
1093 2579 1218 2644 tributa
1243 2600 1311 2665 per·

150 2688 278 2754 solvere
302 2689 453 2755 vicorum
477 2710 578 2767 more,
604 2687 760 2753 omnibus
790 2688 880 2752 hisce
910 2685 1009 2751 rebus
1032 2687 1162 2751 airimos
1187 2687 1311 2754 civium

151 2797 260 2861 efferri
285 2796 570 2861 etauctoritatem
598 2795 714 2881 populi
749 2795 959 2879 honoresque
996 2800 1029 2858 et
1051 2793 1141 2879 apud
1166 2794 1312 2879 hospites

149 2903 399 2988 peregrinantes
422 2909 455 2968 at
477 2902 568 2989 apud
592 2902 758 2988 principes
782 2901 916 2986 augeri!

259 3009 335 3075 Hoc
358 3009 496 3095 quidem
520 3009 591 3075 loco
614 3009 689 3087 Dio,
725 3015 904 3095 postquam
939 3008 1084 3094 impetus
1109 3013 1243 3092 propter
1266 3007 1310 3072 ia·

150 3117 269 3182 brilem
292 3116 461 3182 officinam
485 3117 630 3181 dirutam
655 3117 689 3180 in
714 3117 824 3201 ipsum
842 3115 925 3180 latos
948 3137 969 3180 a
992 3136 1026 3180 se
1045 3112 1205 3192 defendit,
1221 3114 1313 3179 falsis

149 3225 415 3290 adversariorum
440 3223 654 3310 opinionibus
678 3245 775 3288 suam
809 3221 850 3286 de
881 3221 1050 3308 republica
1074 3220 1158 3286 bene
1182 3221 1312 3286 institu-

150 3329 237 3396 enda
260 3331 459 3396 sententiam
483 3331 631 3416 opponit.
679 3328 896 3394 Manifestum
919 3335 1030 3394 autern
1056 3333 1105 3394 est
1128 3327 1239 3394 verbis
1256 3339 1312 3397 καὶ

148 3447 195 3528 τῷ
211 3439 411 3517 δικάζειν-
425 3434 535 3513 ἄλλοις
551 3438 587 3501 in
604 3438 800 3503 universum
824 3443 856 3501 et
880 3435 1007 3500 laudari
1032 3442 1064 3500 et
1087 3427 1313 3500 commendari

149 3544 387 3610 iurisdictionis
423 3551 455 3609 et
489 3545 701 3629 vectigalium
737 3543 920 3628 privilegia,
963 3544 1088 3629 quippe
1124 3542 1247 3628 quibus
1281 3546 1314 3606 et

149 3652 283 3716 animus
306 3652 431 3718 civium
460 3658 585 3717 crescat
619 3659 650 3716 et
684 3651 870 3716 auctoritas.
930 3649 1059 3714 Deinde
1090 3649 1201 3726 verba,
1226 3669 1312 3734 quae

148 3759 201 3823 his
232 3758 346 3823 addita
368 3764 467 3824 sunt:
494 3760 653 3847 καθάπερ
678 3761 770 3840 οἶμαι
794 3758 915 3846 κάμην,
940 3756 1090 3822 indicant
1113 3778 1186 3821 eam
1211 3755 1312 3821 admi-

149 3865 354 3930 nistrationis
383 3865 535 3950 formam}
567 3864 695 3950 respici,
719 3885 787 3949 qua
812 3870 898 3929 certe
932 3863 1045 3949 paullo
1080 3870 1157 3927 anto
1195 3862 1313 3927 Dionis

148 3980 282 4057 tempus
326 3970 458 4037 carebat
481 3971 594 4036 Prusa.
644 3971 746 4037 Vicus
781 3971 870 4034 enim
906 3977 975 4035 erat
998 3970 1251 4055 Aparncnsium,
1277 3971 1313 4033 ut

150 4079 292 4157 videtur,
318 4078 472 4165 potestati
496 4078 649 4144 subditus
674 4099 782 4161 neque
817 4078 970 4163 propriae
1000 4074 1153 4163 διοικήσει
1178 4097 1312 4162 praepo-

149 4187 241 4252 situs.
289 4189 442 4274 διοίκησις
466 4186 554 4250 enim
573 4185 694 4250 dicitur
715 4191 747 4249 et
763 4183 804 4248 de
820 4185 866 4248 eis
883 4183 1031 4262 urbibus,
1057 4205 1143 4267 quae
1166 4183 1313 4249 vicinam

256 4493 342 4558 rulo.
380 4493 404 4542 3.
424 4487 515 4547 ἄλλοις
528 4487 680 4558 Vol[esius],
690 4485 814 4552 ἀλλήλοις
824 4486 894 4544 libri.
922 4491 947 4540 5.
961 4487 1076 4544 πλέονος,
1096 4485 1207 4544 πλέονας
1219 4485 1308 4553 M[eer·

149 4579 330 4648 munianust
1068 4645 1099 4704 l·
