<?xml version="1.0" encoding="UTF-8"?>
<!DOCTYPE html PUBLIC "-//W3C//DTD XHTML 1.0 Transitional//EN"
    "http://www.w3.org/TR/xhtml1/DTD/xhtml1-transitional.dtd">
<html xmlns="http://www.w3.org/1999/xhtml" xml:lang="en" lang="en">
 <head>
  <title>
</title>
<meta http-equiv="Content-Type" content="text/html;charset=utf-8" />
  <meta name='ocr-system' content='tesseract 3.04.00' />
  <meta name='ocr-capabilities' content='ocr_page ocr_carea ocr_par ocr_line ocrx_word'/>
</head>
<body>
  <div class='ocr_page' id='page_1' title='image "./dedionischrysos00claugoog_0034.png"; bbox 0 0 3234 5312; ppageno 0'>
   <div class='ocr_carea' id='block_1_1' title="bbox 644 329 864 396">
    <p class='ocr_par' dir='ltr' id='par_1_1' title="bbox 644 329 864 396">
     <span class='ocr_line' id='line_1_1' title="bbox 644 329 864 396; baseline 0.009 -18"><span class='ocrx_word' id='word_1_1' title='bbox 644 369 688 378; x_wconf 80' lang='grc'>...</span> <span class='ocrx_word' id='word_1_2' title='bbox 733 329 864 396; x_wconf 73' lang='grc'>25,-</span> 
     </span>
    </p>
   </div>
   <div class='ocr_carea' id='block_1_2' title="bbox 166 523 1340 614">
    <p class='ocr_par' dir='ltr' id='par_1_2' title="bbox 166 523 1340 614">
     <span class='ocr_line' id='line_1_2' title="bbox 166 523 1340 614; baseline 0 -23"><span class='ocrx_word' id='word_1_3' title='bbox 166 525 316 614; x_wconf 77' lang='grc' dir='ltr'><strong><em>ἥλπιζον,</em></strong></span> <span class='ocrx_word' id='word_1_4' title='bbox 358 528 462 612; x_wconf 86' lang='grc' dir='ltr'><strong><em>μόνον</em></strong></span> <span class='ocrx_word' id='word_1_5' title='bbox 506 529 541 594; x_wconf 79' lang='grc' dir='ltr'>δὲ</span> <span class='ocrx_word' id='word_1_6' title='bbox 564 527 624 614; x_wconf 80' lang='grc' dir='ltr'>τήν</span> <span class='ocrx_word' id='word_1_7' title='bbox 648 529 802 596; x_wconf 88' lang='grc' dir='ltr'><strong><em>διανοίαν</em></strong></span> <span class='ocrx_word' id='word_1_8' title='bbox 825 527 881 596; x_wconf 72' lang='grc' dir='ltr'>οὐκ</span> <span class='ocrx_word' id='word_1_9' title='bbox 905 527 1073 614; x_wconf 76' lang='grc' dir='ltr'><strong><em>εδονοΐμην</em></strong></span> <span class='ocrx_word' id='word_1_10' title='bbox 1095 523 1156 613; x_wconf 79' lang='grc' dir='ltr'><strong><em>την</em></strong></span> <span class='ocrx_word' id='word_1_11' title='bbox 1194 528 1340 609; x_wconf 76' lang='grc' dir='ltr'><strong><em>ἐμαοτοδ</em></strong></span> 
     </span>
    </p>
   </div>
   <div class='ocr_carea' id='block_1_3' title="bbox 167 631 1339 1058">
    <p class='ocr_par' dir='ltr' id='par_1_3' title="bbox 167 631 1339 1058">
     <span class='ocr_line' id='line_1_3' title="bbox 167 631 1338 723; baseline -0.002 -21"><span class='ocrx_word' id='word_1_12' title='bbox 167 646 329 719; x_wconf 77' lang='grc' dir='ltr'><strong><em>κατέχειν,</em></strong></span> <span class='ocrx_word' id='word_1_13' title='bbox 371 638 441 701; x_wconf 74' lang='grc' dir='ltr'><strong><em>ἀλλ’</em></strong></span> <span class='ocrx_word' id='word_1_14' title='bbox 481 633 590 723; x_wconf 71' lang='grc' dir='ltr'><strong><em>ὥσπερ</em></strong></span> <span class='ocrx_word' id='word_1_15' title='bbox 623 641 651 701; x_wconf 80' lang='grc' dir='ltr'>ολ</span> <span class='ocrx_word' id='word_1_16' title='bbox 684 635 819 723; x_wconf 75' lang='grc' dir='ltr'><strong><em>ε’ροῖντες</em></strong></span> <span class='ocrx_word' id='word_1_17' title='bbox 850 635 945 703; x_wconf 72' lang='grc' dir='ltr'><strong><em>αὐτοὶ</em></strong></span> <span class='ocrx_word' id='word_1_18' title='bbox 984 645 1059 723; x_wconf 76' lang='grc' dir='ltr'><strong><em>περὶ</em></strong></span> <span class='ocrx_word' id='word_1_19' title='bbox 1091 633 1156 702; x_wconf 81' lang='grc' dir='ltr'>τῶν</span> <span class='ocrx_word' id='word_1_20' title='bbox 1185 631 1338 701; x_wconf 78' lang='grc' dir='ltr'><strong><em>τοιούτων</em></strong></span> 
     </span>
     <span class='ocr_line' id='line_1_4' title="bbox 167 739 1339 828; baseline -0.001 -21"><span class='ocrx_word' id='word_1_21' title='bbox 167 744 336 820; x_wconf 79' lang='grc' dir='ltr'><strong><em>διεξίασιν,</em></strong></span> <span class='ocrx_word' id='word_1_22' title='bbox 363 748 440 810; x_wconf 76' lang='grc' dir='ltr'><strong><em>οἵων</em></strong></span> <span class='ocrx_word' id='word_1_23' title='bbox 464 753 519 809; x_wconf 80' lang='grc' dir='ltr'>καὶ</span> <span class='ocrx_word' id='word_1_24' title='bbox 544 743 757 826; x_wconf 63' lang='grc' dir='ltr'><strong><em>ἐπιθυμοῦσι,</em></strong></span> <span class='ocrx_word' id='word_1_25' title='bbox 783 740 872 825; x_wconf 73' lang='grc' dir='ltr'><strong><em>ια’γολ</em></strong></span> <span class='ocrx_word' id='word_1_26' title='bbox 897 742 1054 820; x_wconf 77' lang='grc' dir='ltr'><strong><em>πολλάκις</em></strong></span> <span class='ocrx_word' id='word_1_27' title='bbox 1085 739 1283 828; x_wconf 68' lang='grc' dir='ltr'><strong><em>ἐμεμνήμην,</em></strong></span> <span class='ocrx_word' id='word_1_28' title='bbox 1314 740 1339 806; x_wconf 70' lang='grc' dir='ltr'>δι’</span> 
     </span>
     <span class='ocr_line' id='line_1_5' title="bbox 176 847 1339 947; baseline -0.001 -32"><span class='ocrx_word' id='word_1_29' title='bbox 176 850 332 935; x_wconf 66' lang='grc' dir='ltr'><strong><em>ἐνόμιζον</em></strong></span> <span class='ocrx_word' id='word_1_30' title='bbox 357 859 528 937; x_wconf 78' lang='grc' dir='ltr'><strong><em>σνμηίρειν</em></strong></span> <span class='ocrx_word' id='word_1_31' title='bbox 550 857 707 931; x_wconf 69' lang='grc' dir='ltr'><strong><em>γενέσθαι</em></strong></span> <span class='ocrx_word' id='word_1_32' title='bbox 731 853 770 947; x_wconf 71' lang='grc' dir='ltr'><strong><em>τῇ</em></strong></span> <span class='ocrx_word' id='word_1_33' title='bbox 794 847 899 922; x_wconf 81' lang='grc' dir='ltr'><strong><em>πόλει,</em></strong></span> <span class='ocrx_word' id='word_1_34' title='bbox 925 856 1126 935; x_wconf 74' lang='grc' dir='ltr'><strong><em>κατασκευῆς</em></strong></span> <span class='ocrx_word' id='word_1_35' title='bbox 1151 859 1207 915; x_wconf 82' lang='grc' dir='ltr'>καὶ</span> <span class='ocrx_word' id='word_1_36' title='bbox 1238 867 1339 917; x_wconf 84' lang='grc' dir='ltr'><strong><em>συνοι-</em></strong></span> 
     </span>
     <span class='ocr_line' id='line_1_6' title="bbox 167 955 1338 1058; baseline 0.001 -38"><span class='ocrx_word' id='word_1_37' title='bbox 167 957 283 1037; x_wconf 72' lang='grc' dir='ltr'><strong><em>κισμοῦ</em></strong></span> <span class='ocrx_word' id='word_1_38' title='bbox 307 968 364 1022; x_wconf 75' lang='grc' dir='ltr'>καὶ</span> <span class='ocrx_word' id='word_1_39' title='bbox 387 955 557 1044; x_wconf 80' lang='grc' dir='ltr'><strong><em>προσόδων</em></strong></span> <span class='ocrx_word' id='word_1_40' title='bbox 581 968 636 1022; x_wconf 82' lang='grc' dir='ltr'>καὶ</span> <span class='ocrx_word' id='word_1_41' title='bbox 659 967 783 1044; x_wconf 77' lang='grc' dir='ltr'><strong><em>μορίοιν</em></strong></span> <span class='ocrx_word' id='word_1_42' title='bbox 807 955 924 1058; x_wconf 78' lang='grc' dir='ltr'><strong><em>ἄλλων.</em></strong></span> <span class='ocrx_word' id='word_1_43' title='bbox 966 955 1013 1019; x_wconf 83' lang='lat' dir='ltr'>lb.</span> <span class='ocrx_word' id='word_1_44' title='bbox 1033 955 1057 1022; x_wconf 76' lang='grc' dir='ltr'>δι’</span> <span class='ocrx_word' id='word_1_45' title='bbox 1075 962 1110 1022; x_wconf 80' lang='grc' dir='ltr'>εἴ</span> <span class='ocrx_word' id='word_1_46' title='bbox 1119 981 1198 1022; x_wconf 85' lang='grc' dir='ltr'><strong><em>ποτε</em></strong></span> <span class='ocrx_word' id='word_1_47' title='bbox 1214 966 1338 1036; x_wconf 78' lang='grc' dir='ltr'><strong><em>γένοιτο</em></strong></span> 
     </span>
    </p>
   </div>
   <div class='ocr_carea' id='block_1_4' title="bbox 166 1057 1338 2220">
    <p class='ocr_par' dir='ltr' id='par_1_4' title="bbox 166 1057 1335 1153">
     <span class='ocr_line' id='line_1_7' title="bbox 166 1057 1335 1153; baseline -0.005 -23"><span class='ocrx_word' id='word_1_48' title='bbox 166 1063 281 1152; x_wconf 85' lang='grc' dir='ltr'><strong><em>καιρδς</em></strong></span> <span class='ocrx_word' id='word_1_49' title='bbox 305 1065 561 1150; x_wconf 67' lang='grc' dir='ltr'><strong><em>ἔπιτελεσθῆναι</em></strong></span> <span class='ocrx_word' id='word_1_50' title='bbox 584 1075 640 1129; x_wconf 76' lang='grc' dir='ltr'>καὶ</span> <span class='ocrx_word' id='word_1_51' title='bbox 664 1067 756 1129; x_wconf 68' lang='grc' dir='ltr'><strong><em>θεῶν</em></strong></span> <span class='ocrx_word' id='word_1_52' title='bbox 781 1089 829 1143; x_wconf 85' lang='grc' dir='ltr'><strong><em>τις</em></strong></span> <span class='ocrx_word' id='word_1_53' title='bbox 852 1064 1005 1148; x_wconf 78' lang='grc' dir='ltr'><strong><em>ποιήσειε,</em></strong></span> <span class='ocrx_word' id='word_1_54' title='bbox 1030 1089 1102 1129; x_wconf 86' lang='grc' dir='ltr'><strong><em>τοτε</em></strong></span> <span class='ocrx_word' id='word_1_55' title='bbox 1115 1057 1267 1153; x_wconf 69' lang='grc' dir='ltr'><strong><em>ὄψεσθε.</em></strong></span> <span class='ocrx_word' id='word_1_56' title='bbox 1286 1113 1291 1125; x_wconf 94' lang='grc'><strong><em>.</em></strong></span> <span class='ocrx_word' id='word_1_57' title='bbox 1307 1111 1335 1126; x_wconf 91' lang='grc'>..</span> 
     </span>
    </p>

    <p class='ocr_par' dir='ltr' id='par_1_5' title="bbox 167 1168 1338 2220">
     <span class='ocr_line' id='line_1_8' title="bbox 277 1168 1338 1254; baseline 0.002 -20"><span class='ocrx_word' id='word_1_58' title='bbox 277 1169 333 1243; x_wconf 81' lang='lat' dir='ltr'>,at</span> <span class='ocrx_word' id='word_1_59' title='bbox 356 1191 432 1234; x_wconf 90' lang='lat' dir='ltr'>oum</span> <span class='ocrx_word' id='word_1_60' title='bbox 456 1169 586 1233; x_wconf 90' lang='lat' dir='ltr'>animos</span> <span class='ocrx_word' id='word_1_61' title='bbox 609 1169 748 1234; x_wconf 81' lang='lat' dir='ltr'>infestos</span> <span class='ocrx_word' id='word_1_62' title='bbox 772 1168 985 1254; x_wconf 89' lang='lat' dir='ltr'>quorundam</span> <span class='ocrx_word' id='word_1_63' title='bbox 1009 1169 1134 1235; x_wconf 89' lang='lat' dir='ltr'>civium</span> <span class='ocrx_word' id='word_1_64' title='bbox 1165 1176 1197 1234; x_wconf 88' lang='lat' dir='ltr'>et</span> <span class='ocrx_word' id='word_1_65' title='bbox 1226 1190 1338 1236; x_wconf 84' lang='lat' dir='ltr'>meam</span> 
     </span>
     <span class='ocr_line' id='line_1_9' title="bbox 168 1259 1337 1362; baseline -0.002 -20"><span class='ocrx_word' id='word_1_66' title='bbox 168 1276 402 1342; x_wconf 88' lang='lat' dir='ltr'>auctoritatem</span> <span class='ocrx_word' id='word_1_67' title='bbox 426 1283 459 1341; x_wconf 91' lang='lat' dir='ltr'>et</span> <span class='ocrx_word' id='word_1_68' title='bbox 482 1277 615 1362; x_wconf 85' lang='lat' dir='ltr'>negotia</span> <span class='ocrx_word' id='word_1_69' title='bbox 645 1283 677 1341; x_wconf 93' lang='lat' dir='ltr'>et</span> <span class='ocrx_word' id='word_1_70' title='bbox 709 1275 946 1342; x_wconf 88' lang='lat' dir='ltr'>brevissimum</span> <span class='ocrx_word' id='word_1_71' title='bbox 973 1259 1106 1362; x_wconf 80' lang='lat' dir='ltr'>teinpus</span> <span class='ocrx_word' id='word_1_72' title='bbox 1130 1276 1337 1361; x_wconf 88' lang='lat' dir='ltr'>praesentiae</span> 
     </span>
     <span class='ocr_line' id='line_1_10' title="bbox 169 1383 1337 1469; baseline -0.001 -20"><span class='ocrx_word' id='word_1_73' title='bbox 169 1406 267 1449; x_wconf 88' lang='lat' dir='ltr'>meae</span> <span class='ocrx_word' id='word_1_74' title='bbox 290 1384 325 1448; x_wconf 98' lang='lat' dir='ltr'>in</span> <span class='ocrx_word' id='word_1_75' title='bbox 363 1384 471 1469; x_wconf 88' lang='lat' dir='ltr'>patria</span> <span class='ocrx_word' id='word_1_76' title='bbox 504 1384 647 1461; x_wconf 82' lang='lat' dir='ltr'>nossem,</span> <span class='ocrx_word' id='word_1_77' title='bbox 685 1384 728 1448; x_wconf 88' lang='lat' dir='ltr'>ad</span> <span class='ocrx_word' id='word_1_78' title='bbox 761 1383 923 1449; x_wconf 88' lang='lat' dir='ltr'>maiorem</span> <span class='ocrx_word' id='word_1_79' title='bbox 958 1383 1129 1469; x_wconf 88' lang='lat' dir='ltr'>quandam</span> <span class='ocrx_word' id='word_1_80' title='bbox 1164 1405 1236 1448; x_wconf 90' lang='lat' dir='ltr'>rem</span> <span class='ocrx_word' id='word_1_81' title='bbox 1269 1405 1337 1448; x_wconf 92' lang='lat' dir='ltr'>non</span> 
     </span>
     <span class='ocr_line' id='line_1_11' title="bbox 169 1489 1337 1576; baseline -0.002 -20"><span class='ocrx_word' id='word_1_82' title='bbox 169 1489 398 1576; x_wconf 86' lang='lat' dir='ltr'>aggrediebar‚</span> <span class='ocrx_word' id='word_1_83' title='bbox 421 1512 531 1576; x_wconf 87' lang='lat' dir='ltr'>neque</span> <span class='ocrx_word' id='word_1_84' title='bbox 548 1490 733 1576; x_wconf 76' lang='lat' dir='ltr'>sperabam,</span> <span class='ocrx_word' id='word_1_85' title='bbox 751 1512 861 1576; x_wconf 88' lang='lat' dir='ltr'>neque</span> <span class='ocrx_word' id='word_1_86' title='bbox 874 1513 964 1568; x_wconf 78' lang='lat' dir='ltr'>vero,</span> <span class='ocrx_word' id='word_1_87' title='bbox 989 1512 1075 1576; x_wconf 89' lang='lat' dir='ltr'>quae</span> <span class='ocrx_word' id='word_1_88' title='bbox 1091 1491 1163 1575; x_wconf 88' lang='lat' dir='ltr'>ipse</span> <span class='ocrx_word' id='word_1_89' title='bbox 1180 1491 1337 1555; x_wconf 80' lang='lat' dir='ltr'><strong>sentirem</strong></span> 
     </span>
     <span class='ocr_line' id='line_1_12' title="bbox 168 1597 1338 1684; baseline -0.001 -22"><span class='ocrx_word' id='word_1_90' title='bbox 168 1599 312 1664; x_wconf 89' lang='lat' dir='ltr'>retinere</span> <span class='ocrx_word' id='word_1_91' title='bbox 336 1604 496 1684; x_wconf 81' lang='lat' dir='ltr'>poteram,</span> <span class='ocrx_word' id='word_1_92' title='bbox 522 1597 580 1662; x_wconf 91' lang='lat' dir='ltr'>sed</span> <span class='ocrx_word' id='word_1_93' title='bbox 603 1604 641 1662; x_wconf 89' lang='lat' dir='ltr'>ut</span> <span class='ocrx_word' id='word_1_94' title='bbox 663 1604 814 1663; x_wconf 90' lang='lat' dir='ltr'>amantes</span> <span class='ocrx_word' id='word_1_95' title='bbox 852 1597 892 1663; x_wconf 88' lang='lat' dir='ltr'>de</span> <span class='ocrx_word' id='word_1_96' title='bbox 926 1598 1097 1664; x_wconf 86' lang='lat' dir='ltr'>amoribus</span> <span class='ocrx_word' id='word_1_97' title='bbox 1130 1598 1198 1663; x_wconf 88' lang='lat' dir='ltr'>suis</span> <span class='ocrx_word' id='word_1_98' title='bbox 1231 1597 1338 1662; x_wconf 82' lang='lat' dir='ltr'>solent</span> 
     </span>
     <span class='ocr_line' id='line_1_13' title="bbox 168 1699 1336 1790; baseline -0.002 -20"><span class='ocrx_word' id='word_1_99' title='bbox 168 1727 346 1790; x_wconf 81' lang='lat' dir='ltr'>exponere,</span> <span class='ocrx_word' id='word_1_100' title='bbox 381 1705 428 1769; x_wconf 90' lang='lat' dir='ltr'>ita</span> <span class='ocrx_word' id='word_1_101' title='bbox 456 1726 516 1789; x_wconf 86' lang='lat' dir='ltr'>ego</span> <span class='ocrx_word' id='word_1_102' title='bbox 541 1705 683 1790; x_wconf 86' lang='lat' dir='ltr'>quoque&#39;</span> <span class='ocrx_word' id='word_1_103' title='bbox 710 1744 754 1752; x_wconf 90' lang='lat'>—-</span> <span class='ocrx_word' id='word_1_104' title='bbox 777 1725 864 1790; x_wconf 86' lang='lat' dir='ltr'>quae</span> <span class='ocrx_word' id='word_1_105' title='bbox 895 1699 1092 1790; x_wconf 85' lang='lat' dir='ltr'>sequuntur,</span> <span class='ocrx_word' id='word_1_106' title='bbox 1119 1705 1205 1790; x_wconf 76' lang='lat' dir='ltr'>&#39;quia</span> <span class='ocrx_word' id='word_1_107' title='bbox 1227 1703 1336 1770; x_wconf 90' lang='lat' dir='ltr'>labem</span> 
     </span>
     <span class='ocr_line' id='line_1_14' title="bbox 167 1811 1337 1897; baseline 0 -19"><span class='ocrx_word' id='word_1_108' title='bbox 167 1819 372 1891; x_wconf 81' lang='lat' dir='ltr'>contraxere,</span> <span class='ocrx_word' id='word_1_109' title='bbox 398 1811 440 1877; x_wconf 89' lang='lat' dir='ltr'>ad</span> <span class='ocrx_word' id='word_1_110' title='bbox 465 1811 605 1878; x_wconf 90' lang='lat' dir='ltr'>verbum</span> <span class='ocrx_word' id='word_1_111' title='bbox 628 1819 755 1878; x_wconf 87' lang='lat' dir='ltr'>vertera</span> <span class='ocrx_word' id='word_1_112' title='bbox 778 1835 846 1877; x_wconf 90' lang='lat' dir='ltr'>non</span> <span class='ocrx_word' id='word_1_113' title='bbox 870 1833 971 1877; x_wconf 87' lang='lat' dir='ltr'>ausus</span> <span class='ocrx_word' id='word_1_114' title='bbox 996 1813 1068 1877; x_wconf 91' lang='lat' dir='ltr'>sim.</span> <span class='ocrx_word' id='word_1_115' title='bbox 1117 1813 1234 1897; x_wconf 89' lang='lat' dir='ltr'>Neque</span> <span class='ocrx_word' id='word_1_116' title='bbox 1258 1833 1337 1878; x_wconf 89' lang='lat' dir='ltr'>vero</span> 
     </span>
     <span class='ocr_line' id='line_1_15' title="bbox 168 1918 1336 2005; baseline -0.001 -21"><span class='ocrx_word' id='word_1_117' title='bbox 168 1919 297 1998; x_wconf 86' lang='lat' dir='ltr'>dubito,</span> <span class='ocrx_word' id='word_1_118' title='bbox 322 1919 405 2005; x_wconf 91' lang='lat' dir='ltr'>quin</span> <span class='ocrx_word' id='word_1_119' title='bbox 429 1941 468 1984; x_wconf 89' lang='lat' dir='ltr'>ea</span> <span class='ocrx_word' id='word_1_120' title='bbox 491 1920 526 1984; x_wconf 93' lang='lat' dir='ltr'>in</span> <span class='ocrx_word' id='word_1_121' title='bbox 550 1920 591 1984; x_wconf 89' lang='lat' dir='ltr'>iis</span> <span class='ocrx_word' id='word_1_122' title='bbox 621 1920 701 1984; x_wconf 88' lang='lat' dir='ltr'>insit</span> <span class='ocrx_word' id='word_1_123' title='bbox 733 1920 907 1998; x_wconf 85' lang='lat' dir='ltr'>sententia,</span> <span class='ocrx_word' id='word_1_124' title='bbox 942 1926 980 1984; x_wconf 91' lang='lat' dir='ltr'>ut</span> <span class='ocrx_word' id='word_1_125' title='bbox 1013 1919 1102 1985; x_wconf 86' lang='lat' dir='ltr'>dicat</span> <span class='ocrx_word' id='word_1_126' title='bbox 1124 1919 1188 1984; x_wconf 91' lang='lat' dir='ltr'>Dio</span> <span class='ocrx_word' id='word_1_127' title='bbox 1220 1918 1336 1984; x_wconf 90' lang='lat' dir='ltr'>eadem</span> 
     </span>
     <span class='ocr_line' id='line_1_16' title="bbox 167 2027 1337 2113; baseline -0.001 -22"><span class='ocrx_word' id='word_1_128' title='bbox 167 2027 297 2092; x_wconf 89' lang='lat' dir='ltr'>ratione</span> <span class='ocrx_word' id='word_1_129' title='bbox 321 2048 355 2092; x_wconf 86' lang='lat' dir='ltr'>se</span> <span class='ocrx_word' id='word_1_130' title='bbox 379 2049 514 2112; x_wconf 90' lang='lat' dir='ltr'>quoque</span> <span class='ocrx_word' id='word_1_131' title='bbox 550 2027 590 2092; x_wconf 90' lang='lat' dir='ltr'>de</span> <span class='ocrx_word' id='word_1_132' title='bbox 625 2027 833 2113; x_wconf 83' lang='lat' dir='ltr'>synoecismo</span> <span class='ocrx_word' id='word_1_133' title='bbox 864 2027 1057 2112; x_wconf 83' lang='lat' dir='ltr'>saepissime</span> <span class='ocrx_word' id='word_1_134' title='bbox 1089 2027 1281 2112; x_wconf 88' lang='lat' dir='ltr'>exposuisse</span> <span class='ocrx_word' id='word_1_135' title='bbox 1305 2031 1337 2091; x_wconf 91' lang='lat' dir='ltr'>et</span> 
     </span>
     <span class='ocr_line' id='line_1_17' title="bbox 168 2132 1335 2220; baseline -0.002 -21"><span class='ocrx_word' id='word_1_136' title='bbox 168 2134 397 2199; x_wconf 89' lang='lat' dir='ltr'>emolumenta</span> <span class='ocrx_word' id='word_1_137' title='bbox 420 2134 643 2219; x_wconf 75' lang='lat' dir='ltr'>descripsisse,</span> <span class='ocrx_word' id='word_1_138' title='bbox 669 2156 755 2219; x_wconf 89' lang='lat' dir='ltr'>quae</span> <span class='ocrx_word' id='word_1_139' title='bbox 780 2156 882 2199; x_wconf 83' lang='lat' dir='ltr'>exeo</span> <span class='ocrx_word' id='word_1_140' title='bbox 907 2134 983 2199; x_wconf 91' lang='lat' dir='ltr'>urbi</span> <span class='ocrx_word' id='word_1_141' title='bbox 1008 2132 1233 2220; x_wconf 86' lang='lat' dir='ltr'>exspectanda</span> <span class='ocrx_word' id='word_1_142' title='bbox 1259 2133 1335 2198; x_wconf 88' lang='lat' dir='ltr'>siut.</span> 
     </span>
    </p>
   </div>
   <div class='ocr_carea' id='block_1_5' title="bbox 165 2257 1337 4278">
    <p class='ocr_par' dir='ltr' id='par_1_6' title="bbox 167 2257 1336 2562">
     <span class='ocr_line' id='line_1_18' title="bbox 278 2257 1336 2344; baseline 0 -21"><span class='ocrx_word' id='word_1_143' title='bbox 278 2259 469 2325; x_wconf 71' lang='lat' dir='ltr'>bidooemur</span> <span class='ocrx_word' id='word_1_144' title='bbox 492 2266 614 2336; x_wconf 72' lang='lat' dir='ltr'>antem,</span> <span class='ocrx_word' id='word_1_145' title='bbox 640 2259 763 2344; x_wconf 91' lang='lat' dir='ltr'>quibus</span> <span class='ocrx_word' id='word_1_146' title='bbox 788 2259 828 2325; x_wconf 89' lang='lat' dir='ltr'>de</span> <span class='ocrx_word' id='word_1_147' title='bbox 853 2260 961 2325; x_wconf 89' lang='lat' dir='ltr'>causis</span> <span class='ocrx_word' id='word_1_148' title='bbox 978 2260 1042 2326; x_wconf 92' lang='lat' dir='ltr'>Dio</span> <span class='ocrx_word' id='word_1_149' title='bbox 1066 2258 1108 2324; x_wconf 89' lang='lat' dir='ltr'>ab</span> <span class='ocrx_word' id='word_1_150' title='bbox 1131 2257 1336 2324; x_wconf 88' lang='lat' dir='ltr'>instituendo</span> 
     </span>
     <span class='ocr_line' id='line_1_19' title="bbox 168 2356 1336 2453; baseline -0.001 -22"><span class='ocrx_word' id='word_1_151' title='bbox 168 2366 378 2453; x_wconf 87' lang='lat' dir='ltr'>synoecismo</span> <span class='ocrx_word' id='word_1_152' title='bbox 403 2388 437 2431; x_wconf 91' lang='lat' dir='ltr'>se</span> <span class='ocrx_word' id='word_1_153' title='bbox 461 2366 669 2431; x_wconf 82' lang='lat' dir='ltr'>abstinuerit.</span> <span class='ocrx_word' id='word_1_154' title='bbox 702 2367 865 2452; x_wconf 88' lang='lat' dir='ltr'>Apertum</span> <span class='ocrx_word' id='word_1_155' title='bbox 891 2356 981 2432; x_wconf 91' lang='lat' dir='ltr'>enim</span> <span class='ocrx_word' id='word_1_156' title='bbox 998 2374 1047 2432; x_wconf 89' lang='lat' dir='ltr'>est</span> <span class='ocrx_word' id='word_1_157' title='bbox 1064 2366 1105 2431; x_wconf 90' lang='lat' dir='ltr'>de</span> <span class='ocrx_word' id='word_1_158' title='bbox 1121 2388 1159 2431; x_wconf 91' lang='lat' dir='ltr'>ea</span> <span class='ocrx_word' id='word_1_159' title='bbox 1182 2388 1217 2431; x_wconf 89' lang='lat' dir='ltr'>re</span> <span class='ocrx_word' id='word_1_160' title='bbox 1234 2365 1336 2432; x_wconf 88' lang='lat' dir='ltr'>verba</span> 
     </span>
     <span class='ocr_line' id='line_1_20' title="bbox 167 2471 856 2562; baseline -0.007 -19"><span class='ocrx_word' id='word_1_161' title='bbox 167 2471 320 2562; x_wconf 74' lang='grc' dir='ltr'><strong><em>ἡπτόμην</em></strong></span> <span class='ocrx_word' id='word_1_162' title='bbox 344 2475 475 2553; x_wconf 81' lang='grc' dir='ltr'><strong><em>οὐδενδς</em></strong></span> <span class='ocrx_word' id='word_1_163' title='bbox 497 2479 641 2560; x_wconf 74' lang='grc' dir='ltr'><strong><em>μείζονος</em></strong></span> <span class='ocrx_word' id='word_1_164' title='bbox 665 2473 754 2539; x_wconf 87' lang='lat' dir='ltr'>dicta</span> <span class='ocrx_word' id='word_1_165' title='bbox 778 2496 856 2540; x_wconf 87' lang='lat' dir='ltr'>esse.</span> 
     </span>
    </p>

    <p class='ocr_par' dir='ltr' id='par_1_7' title="bbox 168 2577 1337 2883">
     <span class='ocr_line' id='line_1_21' title="bbox 277 2577 1336 2671; baseline -0.002 -25"><span class='ocrx_word' id='word_1_166' title='bbox 277 2581 307 2665; x_wconf 87' lang='lat' dir='ltr'>a)</span> <span class='ocrx_word' id='word_1_167' title='bbox 329 2577 387 2656; x_wconf 78' lang='grc' dir='ltr'><strong><em>τοὶς</em></strong></span> <span class='ocrx_word' id='word_1_168' title='bbox 412 2584 558 2662; x_wconf 75' lang='grc' dir='ltr'><strong><em>διανοίας</em></strong></span> <span class='ocrx_word' id='word_1_169' title='bbox 582 2589 649 2650; x_wconf 74' lang='grc' dir='ltr'><strong><em>τῶν</em></strong></span> <span class='ocrx_word' id='word_1_170' title='bbox 672 2580 799 2650; x_wconf 68' lang='grc' dir='ltr'><strong><em>ἐνθάδε</em></strong></span> <span class='ocrx_word' id='word_1_171' title='bbox 824 2580 1017 2671; x_wconf 68' lang='grc' dir='ltr'><strong><em>ἀνθρώπων</em></strong></span> <span class='ocrx_word' id='word_1_172' title='bbox 1040 2583 1145 2650; x_wconf 72' lang='grc' dir='ltr'><strong><em>ἐνίων.</em></strong></span> <span class='ocrx_word' id='word_1_173' title='bbox 1185 2581 1336 2645; x_wconf 86' lang='lat' dir='ltr'>Primum</span> 
     </span>
     <span class='ocr_line' id='line_1_22' title="bbox 168 2688 1337 2774; baseline -0.003 -20"><span class='ocrx_word' id='word_1_174' title='bbox 168 2688 258 2754; x_wconf 89' lang='lat' dir='ltr'>enim</span> <span class='ocrx_word' id='word_1_175' title='bbox 283 2689 462 2754; x_wconf 78' lang='lat' dir='ltr'>factionem</span> <span class='ocrx_word' id='word_1_176' title='bbox 494 2689 679 2754; x_wconf 82' lang='lat' dir='ltr'>extimescit</span> <span class='ocrx_word' id='word_1_177' title='bbox 702 2689 766 2754; x_wconf 89' lang='lat' dir='ltr'>Dio</span> <span class='ocrx_word' id='word_1_178' title='bbox 790 2689 917 2773; x_wconf 88' lang='lat' dir='ltr'>patriae</span> <span class='ocrx_word' id='word_1_179' title='bbox 941 2688 1110 2774; x_wconf 88' lang='lat' dir='ltr'>splendori</span> <span class='ocrx_word' id='word_1_180' title='bbox 1130 2688 1337 2754; x_wconf 89' lang='lat' dir='ltr'>obnitentem</span> 
     </span>
     <span class='ocr_line' id='line_1_23' title="bbox 170 2785 1263 2883; baseline -0.001 -23"><span class='ocrx_word' id='word_1_181' title='bbox 170 2796 271 2883; x_wconf 80' lang='lat'>[40‚8:</span> <span class='ocrx_word' id='word_1_182' title='bbox 297 2798 386 2879; x_wconf 82' lang='grc' dir='ltr'><strong><em>λόγοι</em></strong></span> <span class='ocrx_word' id='word_1_183' title='bbox 411 2798 446 2864; x_wconf 81' lang='grc' dir='ltr'>δὲ</span> <span class='ocrx_word' id='word_1_184' title='bbox 471 2817 517 2881; x_wconf 88' lang='lat' dir='ltr'>sq.</span> <span class='ocrx_word' id='word_1_185' title='bbox 547 2798 603 2862; x_wconf 82' lang='lat'>10:</span> <span class='ocrx_word' id='word_1_186' title='bbox 629 2801 837 2883; x_wconf 68' lang='grc' dir='ltr'><strong><em>βουλομένοις</em></strong></span> <span class='ocrx_word' id='word_1_187' title='bbox 860 2785 898 2865; x_wconf 63' lang='grc' dir='ltr'>δν</span> <span class='ocrx_word' id='word_1_188' title='bbox 921 2800 1100 2864; x_wconf 70' lang='grc' dir='ltr'><strong><em>ἀσθενέσιν</em></strong></span> <span class='ocrx_word' id='word_1_189' title='bbox 1123 2797 1263 2882; x_wconf 66' lang='grc' dir='ltr'><strong><em>ίσχιῖεινλ.</em></strong></span> 
     </span>
    </p>

    <p class='ocr_par' dir='ltr' id='par_1_8' title="bbox 167 2897 1335 3097">
     <span class='ocr_line' id='line_1_24' title="bbox 260 2897 1335 2989; baseline -0.002 -22"><span class='ocrx_word' id='word_1_190' title='bbox 260 2901 309 2988; x_wconf 83' lang='lat' dir='ltr'>b)</span> <span class='ocrx_word' id='word_1_191' title='bbox 332 2902 462 2967; x_wconf 89' lang='lat' dir='ltr'>Deinde</span> <span class='ocrx_word' id='word_1_192' title='bbox 485 2909 626 2982; x_wconf 82' lang='lat' dir='ltr'>veretur,</span> <span class='ocrx_word' id='word_1_193' title='bbox 652 2925 693 2968; x_wconf 90' lang='lat' dir='ltr'>ne</span> <span class='ocrx_word' id='word_1_194' title='bbox 717 2904 823 2989; x_wconf 88' lang='lat' dir='ltr'>ipsius</span> <span class='ocrx_word' id='word_1_195' title='bbox 858 2903 1038 2969; x_wconf 90' lang='lat' dir='ltr'>auctoritas</span> <span class='ocrx_word' id='word_1_196' title='bbox 1068 2897 1335 2970; x_wconf 87' lang='lat' dir='ltr'>adversariorum</span> 
     </span>
     <span class='ocr_line' id='line_1_25' title="bbox 167 3008 1121 3097; baseline 0 -23"><span class='ocrx_word' id='word_1_197' title='bbox 167 3009 344 3075; x_wconf 90' lang='lat' dir='ltr'>inimicitia</span> <span class='ocrx_word' id='word_1_198' title='bbox 367 3009 531 3074; x_wconf 88' lang='lat' dir='ltr'>infirmior</span> <span class='ocrx_word' id='word_1_199' title='bbox 554 3011 596 3075; x_wconf 89' lang='lat' dir='ltr'>sit</span> <span class='ocrx_word' id='word_1_200' title='bbox 621 3014 687 3095; x_wconf 72' lang='grc' dir='ltr'>[καὶ</span> <span class='ocrx_word' id='word_1_201' title='bbox 710 3010 770 3096; x_wconf 78' lang='grc' dir='ltr'><strong><em>την</em></strong></span> <span class='ocrx_word' id='word_1_202' title='bbox 793 3013 936 3097; x_wconf 77' lang='grc' dir='ltr'><strong><em>ἒμαοτοῢ</em></strong></span> <span class='ocrx_word' id='word_1_203' title='bbox 960 3008 1121 3096; x_wconf 70' lang='grc' dir='ltr'><strong><em>δύναμινλ.</em></strong></span> 
     </span>
    </p>

    <p class='ocr_par' dir='ltr' id='par_1_9' title="bbox 165 3115 1336 3739">
     <span class='ocr_line' id='line_1_26' title="bbox 277 3115 1336 3204; baseline -0.001 -22"><span class='ocrx_word' id='word_1_204' title='bbox 277 3116 304 3204; x_wconf 83' lang='grc' dir='ltr'>ο)</span> <span class='ocrx_word' id='word_1_205' title='bbox 338 3115 483 3196; x_wconf 81' lang='lat' dir='ltr'>Accedit,</span> <span class='ocrx_word' id='word_1_206' title='bbox 508 3117 599 3203; x_wconf 89' lang='lat' dir='ltr'>quod</span> <span class='ocrx_word' id='word_1_207' title='bbox 630 3139 781 3183; x_wconf 88' lang='lat' dir='ltr'>summae</span> <span class='ocrx_word' id='word_1_208' title='bbox 816 3118 987 3183; x_wconf 88' lang='lat' dir='ltr'>molestiae</span> <span class='ocrx_word' id='word_1_209' title='bbox 1011 3117 1112 3182; x_wconf 93' lang='lat' dir='ltr'>Dioni</span> <span class='ocrx_word' id='word_1_210' title='bbox 1143 3115 1336 3182; x_wconf 83' lang='lat' dir='ltr'>subeundae</span> 
     </span>
     <span class='ocr_line' id='line_1_27' title="bbox 167 3224 1334 3311; baseline -0.001 -22"><span class='ocrx_word' id='word_1_211' title='bbox 167 3224 485 3309; x_wconf 89' lang='lat' dir='ltr'>erantsynoecismo</span> <span class='ocrx_word' id='word_1_212' title='bbox 497 3224 712 3310; x_wconf 90' lang='lat' dir='ltr'>comprobato</span> <span class='ocrx_word' id='word_1_213' title='bbox 732 3225 872 3311; x_wconf 74' lang='grc' dir='ltr'><strong><em>[καὶτοῖς</em></strong></span> <span class='ocrx_word' id='word_1_214' title='bbox 888 3227 1065 3307; x_wconf 80' lang='grc' dir='ltr'>οἰσχολίας]Ι</span> <span class='ocrx_word' id='word_1_215' title='bbox 1100 3225 1217 3309; x_wconf 87' lang='lat' dir='ltr'>Neque</span> <span class='ocrx_word' id='word_1_216' title='bbox 1234 3224 1334 3302; x_wconf 82' lang='lat' dir='ltr'>enim,</span> 
     </span>
     <span class='ocr_line' id='line_1_28' title="bbox 166 3329 1335 3420; baseline -0.003 -22"><span class='ocrx_word' id='word_1_217' title='bbox 166 3354 246 3398; x_wconf 90' lang='lat' dir='ltr'>cum</span> <span class='ocrx_word' id='word_1_218' title='bbox 271 3329 440 3396; x_wconf 87' lang='lat' dir='ltr'>laboribus</span> <span class='ocrx_word' id='word_1_219' title='bbox 463 3331 516 3396; x_wconf 88' lang='lat' dir='ltr'>vel</span> <span class='ocrx_word' id='word_1_220' title='bbox 542 3353 582 3396; x_wconf 92' lang='lat' dir='ltr'>ex</span> <span class='ocrx_word' id='word_1_221' title='bbox 606 3354 674 3396; x_wconf 94' lang='lat' dir='ltr'>uno</span> <span class='ocrx_word' id='word_1_222' title='bbox 705 3354 804 3417; x_wconf 88' lang='lat' dir='ltr'>opere</span> <span class='ocrx_word' id='word_1_223' title='bbox 838 3331 934 3420; x_wconf 62' lang='lat' dir='ltr'>[Nisi]</span> <span class='ocrx_word' id='word_1_224' title='bbox 970 3332 1049 3397; x_wconf 89' lang='lat' dir='ltr'>ortis</span> <span class='ocrx_word' id='word_1_225' title='bbox 1073 3332 1131 3397; x_wconf 76' lang='lat' dir='ltr'>&#39;vix</span> <span class='ocrx_word' id='word_1_226' title='bbox 1162 3354 1196 3396; x_wconf 86' lang='lat' dir='ltr'>se</span> <span class='ocrx_word' id='word_1_227' title='bbox 1221 3353 1335 3416; x_wconf 90' lang='lat' dir='ltr'>parem</span> 
     </span>
     <span class='ocr_line' id='line_1_29' title="bbox 165 3438 1334 3524; baseline -0.002 -21"><span class='ocrx_word' id='word_1_228' title='bbox 165 3438 272 3504; x_wconf 77' lang='lat' dir='ltr'>fuisse</span> <span class='ocrx_word' id='word_1_229' title='bbox 296 3444 464 3523; x_wconf 80' lang='lat' dir='ltr'>queratur,</span> <span class='ocrx_word' id='word_1_230' title='bbox 490 3438 615 3502; x_wconf 89' lang='lat' dir='ltr'>mirum</span> <span class='ocrx_word' id='word_1_231' title='bbox 639 3445 697 3517; x_wconf 86' lang='lat' dir='ltr'>est,</span> <span class='ocrx_word' id='word_1_232' title='bbox 715 3438 806 3524; x_wconf 94' lang='lat' dir='ltr'>quod</span> <span class='ocrx_word' id='word_1_233' title='bbox 823 3438 998 3504; x_wconf 88' lang='lat' dir='ltr'>dubitabat</span> <span class='ocrx_word' id='word_1_234' title='bbox 1021 3438 1334 3524; x_wconf 75' lang='lat' dir='ltr'>adsynoeoismmn</span> 
     </span>
     <span class='ocr_line' id='line_1_30' title="bbox 166 3545 1334 3632; baseline 0 -22"><span class='ocrx_word' id='word_1_235' title='bbox 166 3545 229 3632; x_wconf 91' lang='lat' dir='ltr'>qui</span> <span class='ocrx_word' id='word_1_236' title='bbox 251 3545 380 3611; x_wconf 84' lang='lat' dir='ltr'>iabores</span> <span class='ocrx_word' id='word_1_237' title='bbox 407 3546 515 3610; x_wconf 87' lang='lat' dir='ltr'>multo</span> <span class='ocrx_word' id='word_1_238' title='bbox 538 3546 708 3628; x_wconf 78' lang='lat' dir='ltr'>graviores</span> <span class='ocrx_word' id='word_1_239' title='bbox 732 3546 894 3629; x_wconf 77' lang='lat' dir='ltr'>exigebat,</span> <span class='ocrx_word' id='word_1_240' title='bbox 912 3546 1153 3631; x_wconf 87' lang='lat' dir='ltr'>perficiendum</span> <span class='ocrx_word' id='word_1_241' title='bbox 1170 3545 1334 3623; x_wconf 88' lang='lat' dir='ltr'>accedere,</span> 
     </span>
     <span class='ocr_line' id='line_1_31' title="bbox 165 3652 469 3739; baseline 0.003 -23"><span class='ocrx_word' id='word_1_242' title='bbox 165 3652 364 3739; x_wconf 86' lang='lat' dir='ltr'>praesertim</span> <span class='ocrx_word' id='word_1_243' title='bbox 391 3674 469 3717; x_wconf 92' lang='lat' dir='ltr'>cum</span> 
     </span>
    </p>

    <p class='ocr_par' dir='ltr' id='par_1_10' title="bbox 166 3759 1335 4278">
     <span class='ocr_line' id='line_1_32' title="bbox 276 3759 1335 3847; baseline 0.001 -24"><span class='ocrx_word' id='word_1_244' title='bbox 276 3759 309 3846; x_wconf 87' lang='lat' dir='ltr'>d)</span> <span class='ocrx_word' id='word_1_245' title='bbox 332 3760 399 3824; x_wconf 89' lang='lat' dir='ltr'>iam</span> <span class='ocrx_word' id='word_1_246' title='bbox 425 3760 600 3825; x_wconf 90' lang='lat' dir='ltr'>consilium</span> <span class='ocrx_word' id='word_1_247' title='bbox 626 3761 754 3826; x_wconf 86' lang='lat' dir='ltr'>iniisset</span> <span class='ocrx_word' id='word_1_248' title='bbox 779 3761 871 3827; x_wconf 90' lang='lat' dir='ltr'>brevi</span> <span class='ocrx_word' id='word_1_249' title='bbox 895 3768 971 3847; x_wconf 91' lang='lat' dir='ltr'>post</span> <span class='ocrx_word' id='word_1_250' title='bbox 993 3761 1114 3826; x_wconf 85' lang='lat' dir='ltr'>iterum</span> <span class='ocrx_word' id='word_1_251' title='bbox 1131 3761 1335 3846; x_wconf 86' lang='lat' dir='ltr'>peregrinari</span> 
     </span>
     <span class='ocr_line' id='line_1_33' title="bbox 169 3865 1333 3958; baseline -0.001 -23"><span class='ocrx_word' id='word_1_252' title='bbox 169 3869 235 3955; x_wconf 77' lang='grc' dir='ltr'>[καὶ</span> <span class='ocrx_word' id='word_1_253' title='bbox 259 3865 318 3934; x_wconf 83' lang='grc' dir='ltr'>τόν</span> <span class='ocrx_word' id='word_1_254' title='bbox 340 3869 457 3957; x_wconf 82' lang='grc' dir='ltr'><strong><em>χρόνον</em></strong></span> <span class='ocrx_word' id='word_1_255' title='bbox 480 3873 536 3953; x_wconf 84' lang='grc' dir='ltr'><strong><em>τῆς</em></strong></span> <span class='ocrx_word' id='word_1_256' title='bbox 559 3868 747 3956; x_wconf 70' lang='grc' dir='ltr'><strong><em>ἐπιδημίας,</em></strong></span> <span class='ocrx_word' id='word_1_257' title='bbox 773 3866 822 3936; x_wconf 70' lang='grc' dir='ltr'><strong><em>ὅτι</em></strong></span> <span class='ocrx_word' id='word_1_258' title='bbox 847 3899 902 3955; x_wconf 93' lang='grc' dir='ltr'><strong><em>μοι</em></strong></span> <span class='ocrx_word' id='word_1_259' title='bbox 918 3871 1043 3958; x_wconf 74' lang='grc' dir='ltr'><strong><em>βραχύς</em></strong></span> <span class='ocrx_word' id='word_1_260' title='bbox 1059 3870 1126 3937; x_wconf 73' lang='grc' dir='ltr'><strong><em>ἐστι</em></strong></span> <span class='ocrx_word' id='word_1_261' title='bbox 1144 3868 1333 3954; x_wconf 65' lang='grc' dir='ltr'><strong><em>παντελῶςλ,</em></strong></span> 
     </span>
     <span class='ocr_line' id='line_1_34' title="bbox 166 3973 1334 4062; baseline 0.003 -24"><span class='ocrx_word' id='word_1_262' title='bbox 166 3973 301 4061; x_wconf 90' lang='lat' dir='ltr'>quade</span> <span class='ocrx_word' id='word_1_263' title='bbox 325 3996 359 4039; x_wconf 91' lang='lat' dir='ltr'>re</span> <span class='ocrx_word' id='word_1_264' title='bbox 382 3975 477 4040; x_wconf 91' lang='lat' dir='ltr'>initio</span> <span class='ocrx_word' id='word_1_265' title='bbox 502 3997 637 4060; x_wconf 80' lang='lat' dir='ltr'>quoque</span> <span class='ocrx_word' id='word_1_266' title='bbox 661 3977 820 4041; x_wconf 85' lang='lat' dir='ltr'>orationis</span> <span class='ocrx_word' id='word_1_267' title='bbox 844 3977 911 4041; x_wconf 90' lang='lat' dir='ltr'>iam</span> <span class='ocrx_word' id='word_1_268' title='bbox 935 3977 1065 4041; x_wconf 89' lang='lat' dir='ltr'>locutus</span> <span class='ocrx_word' id='word_1_269' title='bbox 1090 3983 1139 4041; x_wconf 88' lang='lat' dir='ltr'>est</span> <span class='ocrx_word' id='word_1_270' title='bbox 1165 3976 1196 4061; x_wconf 66' lang='grc' dir='ltr'>[ξ</span> <span class='ocrx_word' id='word_1_271' title='bbox 1222 3978 1253 4040; x_wconf 88' lang='grc'>1;</span> <span class='ocrx_word' id='word_1_272' title='bbox 1279 3984 1334 4062; x_wconf 83' lang='grc' dir='ltr'><strong><em>τῆς</em></strong></span> 
     </span>
     <span class='ocr_line' id='line_1_35' title="bbox 166 4080 1334 4174; baseline 0 -24"><span class='ocrx_word' id='word_1_273' title='bbox 166 4084 346 4170; x_wconf 73' lang='grc' dir='ltr'><strong><em>δπιδημίας</em></strong></span> <span class='ocrx_word' id='word_1_274' title='bbox 370 4084 500 4169; x_wconf 78' lang='grc' dir='ltr'><strong><em>ταύτης,</em></strong></span> <span class='ocrx_word' id='word_1_275' title='bbox 527 4083 641 4169; x_wconf 69' lang='grc' dir='ltr'><strong><em>ἐπειδὴ</em></strong></span> <span class='ocrx_word' id='word_1_276' title='bbox 666 4093 723 4150; x_wconf 77' lang='grc' dir='ltr'>καὶ</span> <span class='ocrx_word' id='word_1_277' title='bbox 745 4080 874 4174; x_wconf 77' lang='grc' dir='ltr'><strong><em>βραχδν</em></strong></span> <span class='ocrx_word' id='word_1_278' title='bbox 904 4090 1013 4169; x_wconf 75' lang='grc' dir='ltr'><strong><em>οἴομαι</em></strong></span> <span class='ocrx_word' id='word_1_279' title='bbox 1036 4081 1094 4151; x_wconf 87' lang='grc' dir='ltr'><strong><em>τδν</em></strong></span> <span class='ocrx_word' id='word_1_280' title='bbox 1126 4085 1244 4152; x_wconf 87' lang='grc' dir='ltr'><strong><em>λοιπδν</em></strong></span> <span class='ocrx_word' id='word_1_281' title='bbox 1274 4083 1334 4151; x_wconf 73' lang='grc' dir='ltr'><strong><em>ἔσε-</em></strong></span> 
     </span>
     <span class='ocr_line' id='line_1_36' title="bbox 168 4190 1236 4278; baseline -0.001 -23"><span class='ocrx_word' id='word_1_282' title='bbox 168 4197 259 4256; x_wconf 73' lang='grc' dir='ltr'><strong><em>σθαί</em></strong></span> <span class='ocrx_word' id='word_1_283' title='bbox 278 4218 332 4275; x_wconf 88' lang='grc' dir='ltr'><strong><em>μοι</em></strong></span> <span class='ocrx_word' id='word_1_284' title='bbox 356 4190 490 4278; x_wconf 64' lang='grc' dir='ltr'><strong><em>χρόνονλ.</em></strong></span> <span class='ocrx_word' id='word_1_285' title='bbox 540 4190 589 4254; x_wconf 88' lang='lat' dir='ltr'>De</span> <span class='ocrx_word' id='word_1_286' title='bbox 613 4190 675 4254; x_wconf 90' lang='lat' dir='ltr'>hac</span> <span class='ocrx_word' id='word_1_287' title='bbox 699 4211 734 4255; x_wconf 91' lang='lat' dir='ltr'>re</span> <span class='ocrx_word' id='word_1_288' title='bbox 757 4192 908 4256; x_wconf 80' lang='lat' dir='ltr'>conferas</span> <span class='ocrx_word' id='word_1_289' title='bbox 932 4213 1066 4276; x_wconf 90' lang='lat' dir='ltr'>quoque</span> <span class='ocrx_word' id='word_1_290' title='bbox 1090 4197 1173 4276; x_wconf 90' lang='lat' dir='ltr'>part.</span> <span class='ocrx_word' id='word_1_291' title='bbox 1199 4191 1236 4254; x_wconf 86' lang='lat' dir='ltr'>F.</span> 
     </span>
    </p>
   </div>
   <div class='ocr_carea' id='block_1_6' title="bbox 166 4313 1335 4617">
    <p class='ocr_par' dir='ltr' id='par_1_11' title="bbox 166 4313 1335 4617">
     <span class='ocr_line' id='line_1_37' title="bbox 274 4313 1335 4400; baseline 0.003 -22"><span class='ocrx_word' id='word_1_292' title='bbox 274 4313 392 4399; x_wconf 90' lang='lat' dir='ltr'>Neque</span> <span class='ocrx_word' id='word_1_293' title='bbox 416 4314 518 4400; x_wconf 86' lang='lat' dir='ltr'>igitur</span> <span class='ocrx_word' id='word_1_294' title='bbox 542 4337 579 4380; x_wconf 90' lang='lat' dir='ltr'>eo</span> <span class='ocrx_word' id='word_1_295' title='bbox 604 4314 741 4400; x_wconf 89' lang='lat' dir='ltr'>quidem</span> <span class='ocrx_word' id='word_1_296' title='bbox 771 4321 929 4400; x_wconf 81' lang='lat' dir='ltr'>tempore,</span> <span class='ocrx_word' id='word_1_297' title='bbox 963 4338 1030 4400; x_wconf 89' lang='lat' dir='ltr'>quo</span> <span class='ocrx_word' id='word_1_298' title='bbox 1054 4316 1119 4381; x_wconf 90' lang='lat' dir='ltr'>Dio</span> <span class='ocrx_word' id='word_1_299' title='bbox 1150 4317 1335 4381; x_wconf 88' lang='lat' dir='ltr'>orationem</span> 
     </span>
     <span class='ocr_line' id='line_1_38' title="bbox 166 4421 1334 4508; baseline 0.005 -22"><span class='ocrx_word' id='word_1_300' title='bbox 166 4421 296 4499; x_wconf 83' lang='lat' dir='ltr'>habuit,</span> <span class='ocrx_word' id='word_1_301' title='bbox 321 4443 396 4506; x_wconf 89' lang='lat' dir='ltr'>spes</span> <span class='ocrx_word' id='word_1_302' title='bbox 421 4429 490 4487; x_wconf 84' lang='lat' dir='ltr'>erat</span> <span class='ocrx_word' id='word_1_303' title='bbox 508 4422 712 4507; x_wconf 89' lang='lat' dir='ltr'>exsequendi</span> <span class='ocrx_word' id='word_1_304' title='bbox 730 4423 858 4488; x_wconf 89' lang='lat' dir='ltr'>consilii</span> <span class='ocrx_word' id='word_1_305' title='bbox 883 4423 971 4488; x_wconf 82' lang='lat' dir='ltr'>iltius</span> <span class='ocrx_word' id='word_1_306' title='bbox 998 4426 1006 4507; x_wconf 67' lang='grc' dir='ltr'><strong><em>λ</em></strong></span> <span class='ocrx_word' id='word_1_307' title='bbox 1030 4424 1055 4491; x_wconf 70' lang='grc' dir='ltr'>δι’</span> <span class='ocrx_word' id='word_1_308' title='bbox 1078 4432 1246 4492; x_wconf 79' lang='grc' dir='ltr'><strong><em>εἴποτε</em></strong></span> <span class='ocrx_word' id='word_1_309' title='bbox 1268 4435 1334 4508; x_wconf 75' lang='grc' dir='ltr'>γί-</span> 
     </span>
     <span class='ocr_line' id='line_1_39' title="bbox 167 4530 1333 4617; baseline 0.003 -23"><span class='ocrx_word' id='word_1_310' title='bbox 167 4555 288 4596; x_wconf 84' lang='grc' dir='ltr'><strong><em>νοιτο</em></strong></span> <span class='ocrx_word' id='word_1_311' title='bbox 311 4531 424 4617; x_wconf 76' lang='grc' dir='ltr'><strong><em>καιρός</em></strong></span> <span class='ocrx_word' id='word_1_312' title='bbox 447 4530 725 4617; x_wconf 66' lang='grc' dir='ltr'><strong><em>ἐπιτελεσθῆναιλ,</em></strong></span> <span class='ocrx_word' id='word_1_313' title='bbox 750 4552 959 4616; x_wconf 88' lang='lat' dir='ltr'>quamquam</span> <span class='ocrx_word' id='word_1_314' title='bbox 983 4553 1117 4596; x_wconf 89' lang='lat' dir='ltr'>summa</span> <span class='ocrx_word' id='word_1_315' title='bbox 1139 4531 1217 4596; x_wconf 90' lang='lat' dir='ltr'>inde</span> <span class='ocrx_word' id='word_1_316' title='bbox 1249 4553 1333 4599; x_wconf 87' lang='lat' dir='ltr'>emo-</span> 
     </span>
    </p>
   </div>
   <div class='ocr_carea' id='block_1_7' title="bbox 0 0 1622 5312">
    <p class='ocr_par' dir='ltr' id='par_1_12' title="bbox 0 0 1622 5312">
     <span class='ocr_line' id='line_1_40' title="bbox 0 0 1622 5312; baseline 0 0"><span class='ocrx_word' id='word_1_317' title='bbox 0 0 1622 5312; x_wconf 95' lang='lat' dir='ltr'> </span> 
     </span>
    </p>
   </div>
  </div>
 </body>
</html>
