3234 5312
669 321 887 386 -33-

193 515 395 601 opinionum
430 513 652 599 discrepantia
681 516 804 580 iterum
819 515 1019 600 ‘iterumque
1054 517 1272 602 postulaverit
1299 514 1363 580 Dio

191 629 232 687 ut
255 621 391 686 tandem
415 620 513 700 cives,
539 619 620 706 quid
644 621 777 699 vellent,
802 628 915 707 aperte
943 629 1155 708 exponerent.

300 728 419 813 ltaque
453 727 562 792 omnis
595 729 699 793 oratio
732 729 774 792 47
811 734 926 793 contra
948 728 1156 795 adversarios
1192 727 1280 794 dicta
1304 735 1362 806 est,

192 857 280 920 quos
297 834 360 899 Dio
385 833 582 899 aedificandi
599 835 745 901 consiliis
762 834 825 899 sibi
849 842 1032 920 paraverat.
1080 836 1130 900 De
1153 835 1361 921 synoeoismo

191 949 319 1019 autern,
345 962 447 1026 quern
470 941 492 1026 ξ
518 943 558 1006 10
590 942 696 1007 obiter
718 942 783 1006 Dio
807 942 968 1027 tetigerat,
993 964 1035 1007 ne
1058 942 1200 1008 verbum
1224 941 1360 1027 quidem

193 1048 327 1134 legitur.
375 1048 451 1112 Jarn
475 1054 656 1133 antequam
672 1069 720 1127 ea,
738 1069 824 1133 quae
841 1048 881 1113 de
905 1049 1023 1114 Dionis
1047 1049 1088 1114 de
1103 1049 1212 1135 patria
1234 1048 1362 1112 meritis

194 1177 238 1220 ex
262 1155 368 1220 tribus
391 1154 456 1219 illis
488 1155 694 1220 orationibus
724 1156 777 1234 40,
806 1156 860 1233 45,
885 1156 925 1219 47
951 1154 1139 1234 didicimus,
1164 1155 1362 1240 colligimus,

192 1263 338 1328 aliarum
362 1262 551 1326 orationum
574 1262 664 1327 locos
686 1283 811 1347 paucos
835 1263 953 1328 afferre
976 1283 1110 1330 necesse
1135 1269 1191 1328 est.

301 1477 359 1542 IV.
407 1477 459 1540 Ex
483 1476 630 1542 oratione
664 1476 706 1540 43
732 1476 798 1542 duo
830 1482 908 1541 sunt
931 1476 994 1541 loci
1024 1475 1216 1556 adhibendi,
1241 1476 1364 1561 quibus

194 1585 259 1649 Dio
284 1583 324 1648 de
349 1583 417 1648 suis
441 1581 482 1647 de
505 1583 611 1668 patria
637 1583 763 1648 meritis
787 1582 944 1668 loquitur,
969 1604 1107 1668 nempe:

301 1691 388 1768 43,7.
438 1689 467 1777 1)
490 1698 547 1777 τῆς
568 1698 630 1776 μὲν
645 1689 708 1776 γάρ
724 1693 872 1771 εὐτυχίας
896 1697 952 1776 τῆς
975 1692 1122 1776 ἐμαυτοῦ
1143 1692 1363 1778 παρεχώρησα

191 1801 285 1886 ὑμῖν,
310 1806 366 1884 τῆς
389 1800 426 1865 δὲ
449 1799 623 1882 δυστυχίας
645 1805 702 1884 τῆς
724 1800 882 1885 ὑμετέρας
903 1800 1096 1883 μετέλαβον.

303 1905 406 1982 ,Meae
441 1903 531 1968 enim
566 1925 743 1989 prosperae
776 1905 928 1968 fortunae
962 1904 1139 1988 participes
1163 1925 1223 1969 vos
1245 1903 1308 1968 leci
1332 1907 1364 1968 et

195 2017 385 2079 vestrarum
408 2031 520 2075 rerum
543 2010 761 2076 adversarum
784 2009 949 2096 particeps
973 2011 1042 2075 lui)

304 2117 483 2183 Contendit
505 2117 570 2182 Dio
594 2117 770 2182 commoda
793 2116 969 2202 quaedam,
994 2117 1117 2202 quibus
1141 2118 1212 2202 ipse
1236 2117 1363 2182 frueba-

192 2233 260 2303 tur,
285 2247 305 2290 a
328 2246 363 2290 se
394 2224 520 2309 patriae
552 2245 708 2290 concessa
732 2245 812 2290 esse.
861 2224 965 2302 Quae,
999 2224 1112 2311 qualia
1135 2224 1268 2301 luerint,
1294 2245 1363 2288 non

192 2334 309 2418 liquet.
358 2331 423 2397 Sed
457 2331 594 2416 cogitari
625 2337 734 2416 potest
764 2337 822 2396 aut
853 2330 893 2396 de
925 2331 1081 2408 amicitia,
1107 2353 1175 2417 qua
1197 2331 1261 2395 Dio
1285 2352 1363 2396 oum

193 2441 396 2526 imperatore
420 2438 618 2504 coniunctus
647 2445 717 2504 erat
741 2438 842 2524 [4532
858 2441 930 2506 ἀλλ’
956 2437 1053 2508 ἅπαν
1076 2439 1147 2524 sq.],
1165 2444 1223 2503 aut
1246 2438 1287 2502 de
1310 2459 1363 2524 pe·

191 2547 311 2626 cuniiS,
337 2567 421 2631 quas
444 2545 570 2631 patriae
594 2545 791 2630 promiserat
816 2545 911 2631 [tna
948 2546 1066 2631 47,l9l.
1115 2545 1214 2622 Quod
1249 2552 1362 2610 autem

191 2654 275 2719 dicit
298 2675 332 2718 se
356 2653 456 2719 etiarn
481 2674 590 2717 rerum
615 2652 831 2718 adversarum
856 2653 1053 2738 participem
1086 2653 1199 2732 luisse,
1224 2653 1362 2718 fortasse
1470 2731 1471 2736 ἵ

195 2761 321 2846 cogitat
353 2760 394 2824 de
419 2759 587 2838 molestiis,
620 2780 706 2845 quae
738 2780 815 2824 cum
839 2765 932 2824 tanta
955 2759 1047 2825 urbis
1070 2759 1362 2826 transformatione

192 2868 391 2933 coniunctae
418 2872 520 2932 erant.

303 2975 410 3053 43,1t.
444 2975 479 3060 2)
492 2977 599 3042 οἷδικεῖ
620 2983 709 3042 Δίων
724 3026 730 3038 .
747 3024 753 3038 .
769 3025 774 3037 .
791 3026 797 3040 .
811 2977 997 3050 οἷναπείσας
1007 2975 1044 3042 δὲ
1052 2975 1197 3062 ἡγεμόνα
1208 2970 1359 3063 πονηράν,

193 3083 278 3151 ὥστε
306 3084 363 3150 τὸν
386 3089 448 3165 μὲν
472 3084 577 3168 δῆμον
591 3088 772 3162 βασανίσαι
796 3093 851 3148 καῖ
873 3082 1027 3158 ἐξελάσαι
1043 3081 1136 3160 δσους
1158 3080 1202 3150 δν
1227 3080 1362 3169 δύνηται

194 3195 373 3268 πλείστους,
390 3190 494 3269 ἐνίους
518 3191 554 3256 δὲ
576 3200 631 3256 καῖ
649 3187 852 3267 ἀποκτεῖναι,
875 3187 1058 3277 παρασχών
1081 3191 1229 3277 ἀνάγκην
1252 3190 1361 3268 αὐτοῖς

193 3304 342 3372 ἑκουσίως
359 3300 551 3364 ἀποθανεῖν
568 3297 623 3362 διά
640 3297 676 3362 τδ
692 3293 736 3381 μή
756 3294 925 3364 δύνασθαι
948 3294 1204 3386 πρεσβύτας
1227 3295 1247 3361 δ’
1257 3323 1361 3376 ντας

194 3416 311 3491 φυγεῖν
343 3406 426 3491 μηδὲ
458 3406 634 3489 inopom
657 3404 851 3471 καταλιπεῖν
873 3403 933 3491 τήν
957 3406 1102 3492 πατρίδα
1122 3405 1362 3494 ’συμπράττων

196 3515 235 3579 δὲ
267 3524 322 3579 καὶ
357 3511 419 3579 νῦν
454 3509 593 3578 ἅπαντα
618 3519 663 3600 τῷ
697 3508 936 3601 τυραννήσαντι
971 3512 1043 3584 τοδς
1066 3510 1165 3590 θεοὺς
1191 3518 1248 3578 καὶ
1270 3505 1361 3590 ὅπως

195 3621 318 3694 ἐκεῖνος
351 3622 458 3693 καλῶς
490 3620 677 3700 α’χωνοεῖται
710 3629 766 3684 καὶ
790 3616 873 3685 κατά
903 3614 1019 3703 κράτος
1043 3620 1279 3707 παραλήψεται
1301 3619 1360 3696 τοὶς

196 3725 310 3806 πόλεις
333 3738 388 3793 καῖ
411 3722 486 3804 τοδς
503 3726 630 3812 δήμους,
656 3721 730 3792 ὅσον
754 3726 841 3792 ἐστὶν
863 3727 915 3791 ἐπ’
932 3727 1021 3816 αὐτῷ
1043 3726 1313 3801 κατασκευάζων·

306 3833 434 3912 ,Peccat
457 3831 530 3909 Dic,
568 3831 678 3917 quod.
695 3883 701 3894 .
717 3884 723 3896 .
740 3884 745 3895 .
761 3837 793 3896 et
826 3831 969 3916 principi
1003 3831 1091 3895 malo
1125 3832 1298 3916 persuasit,
1322 3837 1360 3898 ut

197 3941 361 4029 populum
390 3939 564 4005 tormentis
596 3939 758 4004 cruciaret
781 3946 814 4004 et
845 3960 948 4024 quam
977 3939 1139 4023 plurimos
1172 3939 1358 4024 expelleret,

307 4266 398 4332 43,11.
436 4267 451 4314 3
480 4262 622 4318 πλείστους.
642 4260 745 4317 πλείους
763 4259 804 4313 M.
833 4263 857 4312 5.
870 4259 1032 4312 καταλιπεῖν.
1046 4259 1211 4310 καταλείπειν
1223 4258 1263 4316 M.
1286 4264 1311 4317 6,
1329 4260 1359 4313 δέ

197 4356 244 4407 καὶ
265 4370 287 4407 r.
306 4371 330 4404 τε
350 4353 395 4403 καὶ
420 4352 470 4405 rel.
490 4381 522 4388 -
542 4348 743 4419 τυραννήσαντι,
769 4347 991 4418 παρανομήσαντι
1019 4347 1128 4415 Pflugk.
1165 4351 1189 4401 8.
1209 4345 1271 4400 ὅσον
1289 4350 1358 4402 ἐστὶν

196 4445 237 4496 ἐπ’
258 4441 337 4510 αὐτῷ,
356 4437 560 4500 κατασκευάζων
582 4438 660 4506 Emp.
681 4437 789 4505 Pflugk.
814 4435 1027 4502 κατασκευάζων,
1047 4435 1109 4489 ὅσον
1128 4437 1198 4490 ἐστὶν
1225 4438 1265 4490 ἐπ’
1285 4435 1357 4511 crispi

197 4529 406 4594 κατασκευάζειν
424 4530 470 4584 rel.
490 4527 548 4587 τούς
565 4526 674 4600 βωμοδς
692 4525 885 4580 κατασκάπτων
904 4527 1011 4596 selden,
