3234 5312
746 251 966 316 -56-

278 454 419 526 mentur,
429 470 495 533 quo
502 447 566 514 Dio
576 447 617 512 ab
625 445 1015 532 Apamensibuspetit‚ut
1024 465 1058 509 se
1071 444 1203 508 mites
1217 448 1249 508 et
1259 463 1293 504 m
1304 460 1419 525 agna
1430 477 1442 487 -

278 555 442 630 nimos,
479 576 563 620 neve
598 553 820 619 inimicos
854 559 912 617 aut
950 551 1173 636 superbos
1214 549 1345 641 [πρᾴους
1382 561 1443 615 καὶ

277 659 588 750 μεγαλόφρονας-
611 663 654 748 μή
687 657 849 746 χαλεπούς
878 662 959 746 μηδὲ
982 653 1215 746 ὑπερηφάνους]
1249 678 1327 740 erga
1360 655 1443 719 Pru-

279 790 390 834 senses
414 767 620 854 praeberent,
644 768 791 844 hortans,
817 773 853 831 ut
877 766 1003 851 opinor,
1034 787 1076 830 ne
1100 764 1316 829 Prusensium
1340 762 1444 827 rebus

279 875 432 940 secundis
457 874 653 940 inviderent.
701 873 858 938 Similiter
882 895 922 938 ex
938 873 1042 951 40,14
1066 871 1218 938 concludi
1242 892 1338 956 posse
1361 870 1442 934 Pru-

280 1003 392 1047 senses
416 1003 512 1067 aegre
537 981 660 1058 tulisse,
686 979 776 1066 quod
800 978 1048 1064 Apamensibus
1072 977 1247 1063 vectigalia
1277 976 1445 1042 nonnulla

279 1095 408 1154 retenta
439 1095 533 1154 erant
564 1087 606 1152 ab
630 1088 838 1172 imperatore,
878 1087 945 1152 iam
970 1108 1072 1172 supra
1108 1085 1171 1171 [pg.
1189 1087 1219 1150 5.
1238 1084 1267 1170 6]
1304 1083 1441 1149 conieci.

280 1195 379 1273 Quod
403 1195 529 1280 etipse
553 1194 689 1280 quidem
714 1194 777 1259 Dio
801 1193 881 1258 locis
906 1215 1007 1279 snpra
1041 1192 1148 1258 citatis
1183 1191 1318 1280 [μᾶλλον
1342 1219 1445 1260 κατα-

280 1311 470 1390 φρονοῦντες
492 1304 731 1391 χρημοὶτων
755 1339 797 1346 -
821 1319 914 1368 ποῖον
938 1299 1012 1368 δ’δν
1041 1309 1171 1368 τοσοῦτο
1195 1311 1317 1380 γένοιτο
1343 1327 1445 1387 χρη-

279 1411 427 1495 μάτων
450 1409 591 1495 πλῆθος]
616 1409 748 1474 videtur
772 1409 977 1472 confirmare.
1026 1407 1253 1484 Quamobrem
1278 1405 1446 1490 equidem

280 1515 479 1580 discordiam
503 1539 544 1580 ex
574 1513 754 1600 διοικήσεως
777 1515 951 1580 Prusensis
984 1514 1192 1579 institutione
1228 1520 1335 1578 ortam
1369 1533 1446 1576 esse

280 1623 548 1694 existimaverim,
574 1643 651 1687 curn
675 1621 881 1706 Apamenses
895 1621 1071 1706 'provincia
1086 1620 1259 1686 deminuta
1282 1619 1445 1696 dolerent,

280 1731 462 1794 Prusenses
485 1729 661 1814 vectigalia
684 1729 861 1813 quaedam,
887 1750 973 1814 quae
997 1727 1245 1813 Apamensibus
1275 1726 1316 1791 ab
1340 1727 1446 1810 impe-

281 1842 387 1902 ratore
411 1841 538 1901 retenta
562 1841 666 1913 erant,
691 1837 893 1900 affectarent.

650 2032 708 2095 Ill.
735 2032 784 2096 De
807 2032 914 2096 Dione
938 2030 1069 2095 arbitro.

389 2159 416 2222 l.
442 2157 618 2233 Quomodo
634 2157 761 2221 lactum
778 2156 829 2233 sit,
846 2162 884 2220 ut
899 2156 963 2219 Dio
980 2154 1094 2220 arbitri
1110 2178 1235 2220 munus
1252 2157 1446 2241 susciperet.

388 2300 563 2364 Contentio
587 2299 689 2383 igitur
712 2299 927 2363 infestissima
962 2299 1048 2362 inter
1083 2299 1232 2364 civitates
1266 2306 1448 2377 exarserat,

282 2429 390 2492 neque
414 2407 483 2471 fieri
507 2406 625 2491 potuit,
651 2406 733 2494 quin
757 2405 926 2490 impeditis
950 2405 1157 2470 commerciis
1184 2406 1245 2488 llo,
1257 2406 1298 2470 28
1325 2407 1384 2491 sq.]
1410 2413 1450 2472 et

281 2515 540 2578 inveterasceute
572 2513 748 2577 inimicitia
773 2513 883 2598 [41,9:
915 2524 971 2579 καὶ
1004 2520 1109 2581 ταῦτα
1132 2514 1169 2581 δν
1192 2517 1317 2579 πλείονι
1339 2511 1450 2601 χρόνῳ

282 2620 523 2710 τεθραμμένην]
550 2626 691 2704 utraque
715 2619 831 2684 civitas
856 2641 1004 2684 summas
1026 2619 1194 2683 molestias
1211 2641 1251 2683 ex
1268 2618 1451 2684 concordia

282 2726 440 2791 dissoluta
465 2727 631 2811 exciperet
656 2726 718 2812 tet),
730 2727 782 2791 30.
798 2726 850 2790 31.
865 2726 927 2811 351.
975 2725 1202 2790 Nihilominus
1217 2727 1342 2790 Prusae
1366 2747 1451 2810 pars

282 2834 406 2899 civium
435 2833 639 2898 contendens
663 2833 865 2897 infirmitatis
889 2854 959 2898 esse
983 2832 1181 2898 adversariis
1220 2832 1347 2917 aliquid
1369 2854 1449 2898 con·

282 2939 396 3005 cedere
422 2939 483 3025 140,
498 2941 637 3005 23-25.
653 2936 718 3024 34],
744 2939 825 3005 velis
857 2939 955 3004 remis
980 2939 1053 3024 paci
1084 2937 1305 3018 obnitebatur,
1333 2961 1448 3025 neque

282 3046 355 3124 Die,
392 3068 597 3132 quamquam
623 3047 791 3131 Apameae
819 3045 1002 3111 honoribus
1038 3045 1156 3110 oblatis
1183 3046 1313 3133 [40,16:
1340 3061 1448 3114 καίτοι

285 3152 439 3244 ψήφισμά
472 3181 507 3234 γε
542 3153 700 3248 ἴντσμψαν
747 3153 848 3233 saturn
882 3155 917 3220 ἐν
952 3147 1035 3253 οἷρχῇ
1069 3151 1354 3240 φιλοφρονούμενοι
1387 3167 1448 3221 καὶ

282 3265 549 3350 παρακαλοῦντες
574 3264 764 3348 ἀφικέσθαι,
797 3274 852 3329 καὶ
876 3263 982 3328 πολλοὶ
1008 3258 1119 3329 δίκαιά
1143 3291 1197 3348 μοι
1225 3259 1306 3346 πρδς
1330 3258 1448 3340 αὐτοῦς

283 3372 437 3456 ὑπῆρχεν.
483 3367 583 3440 41‚l:
620 3381 674 3434 καὶ
703 3368 795 3455 ὑμεῖς
829 3367 933 3448 cribris
956 3369 1013 3453 ἐμὲ
1038 3369 1236 3455 σῖφικόμενον
1270 3366 1447 3454 ἐτιμήσατε

284 3477 421 3564 δημοσίᾳ
437 3489 618 3567 ψηφίσματι
637 3477 844 3566 πέμψαντες]
860 3496 1027 3539 summam
1044 3475 1274 3539 auctoritatem
1290 3473 1446 3554 habebat,

284 3579 499 3647 conciliandis
523 3580 712 3646 civitatibus
736 3603 869 3666 operam
897 3581 1006 3655 dabat,
1030 3603 1107 3645 cum
1132 3581 1193 3646 sibi
1219 3581 1449 3667 proposuisset

284 3709 354 3754 sese
378 3685 519 3771 publicis
543 3688 684 3771 negotiis
708 3689 845 3752 omnino
869 3688 1034 3753 abstinere
1061 3689 1123 3771 tro,
1138 3689 1173 3764 ll.
1221 3689 1312 3764 Quin
1343 3689 1446 3754 etiam

284 3802 365 3872 tum,
388 3815 465 3858 cum
484 3794 648 3879 principes
665 3793 872 3879 Apamenses
888 3794 1051 3859 auxilium
1069 3796 1139 3859 eius
1156 3794 1295 3860 adibant
1312 3795 1373 3880 [40,
1386 3797 1445 3861 18:

284 3905 356 3970 ἐπεὶ
380 3913 435 3969 καὶ
459 3912 572 3991 πέρυσι
597 3900 670 3981 τούς
694 3903 807 3985 λόγους
829 3901 959 3983 τούτους
993 3902 1073 3991 πρὸς
1102 3905 1160 3990 ἐμὲ
1184 3905 1293 3984 ἔδυνον
1317 3911 1346 3970 οἱ
1370 3931 1447 3991 προ·

284 4016 416 4087 εστῶτες
439 4010 549 4075 αὐτῶν
580 4021 634 4075 καὶ
658 4007 731 4075 τότε
754 4012 832 4095 ἐξῆν
854 4013 931 4095 ὑμῖν
963 4009 1188 4094 οἷπαλλάχδαι
1219 4011 1446 4098 πραγμάτωνδ,

285 4114 450 4180 recusavit
480 4114 614 4190 veritus
651 4137 693 4179 ue
729 4116 853 4182 civium
889 4116 1033 4201 suspicio
1068 4116 1307 4201 impedimento
1345 4117 1446 4194 fieret,

285 4221 465 4306 quominus
482 4221 658 4286 concordia
675 4223 902 4288 restitueretur
926 4221 987 4308 140,
1001 4222 1060 4308 18].
1109 4222 1335 4299 Quamobrem
1360 4223 1447 4308 Apa-

285 4348 417 4393 menses
441 4327 540 4392 Dioni
565 4329 805 4395 succensebant
830 4331 961 4413 [AQllt
995 4327 1079 4398 derv
1103 4333 1295 4420 ripewpoivco'
1323 4360 1364 4418 με
1388 4343 1447 4398 καὶ

287 4437 444 4526 δυσχερῶς
467 4436 573 4521 rizoni,
605 4458 713 4522 neque
750 4459 809 4522 per
840 4443 947 4502 totum
983 4460 1110 4502 annum
1148 4439 1209 4521 llo,
1224 4441 1280 4507 16:
1316 4444 1445 4527 πέρυσι]
