3234 5312
759 363 978 430 -34-

284 561 367 648 quin
405 562 586 627 nonnullos
617 560 717 627 stiam
752 560 950 626 interficeret
981 560 1066 625 ultro
1096 564 1239 625 mortem
1262 581 1318 624 eos
1340 565 1453 644 petere

284 690 416 754 cogens,
447 669 528 753 quia
558 689 654 734 senes
686 667 734 732 illi
764 688 874 753 neque
897 668 1012 752 ingere
1036 687 1146 751 neque
1169 687 1190 731 a
1213 687 1248 731 se
1271 667 1452 752 impetrare

283 782 446 862 poterant,
482 781 520 840 ut
554 774 697 861 patriam
733 774 967 859 relinquerent,
993 780 1025 839 et
1047 793 1139 839 nunc
1173 774 1274 838 etiam
1311 772 1453 838 deorum

284 883 459 948 inimicum
485 881 641 948 omnibus
664 882 700 946 in
723 880 822 947 rebus
836 881 983 960 adiuvat,
1007 887 1048 960 et,
1070 886 1236 966 quantum
1258 901 1318 966 per
1338 880 1453 965 ipsum

284 989 354 1054 fieri
377 994 494 1074 potest,
523 989 559 1054 id
584 994 719 1074 spectat,
744 994 782 1054 ut
803 988 858 1053 ille
881 1009 1037 1073 prospere
1061 986 1216 1054 succedat
1245 993 1278 1052 et
1300 987 1453 1073 pervim

287 1095 413 1182 oppida
436 1102 469 1160 et
491 1096 642 1162 civitates
664 1095 822 1181 occupet!

391 1202 580 1268 Dolendum
605 1206 669 1281 est,
700 1201 791 1287 quod
814 1201 879 1266 Dio
902 1201 965 1267 hoc
988 1201 1060 1267 loco
1093 1201 1361 1267 adversariorum
1383 1223 1453 1266 non

283 1311 374 1396 ipsos
405 1310 551 1395 impetus
575 1309 685 1374 causis
715 1309 843 1387 refellit,
880 1307 938 1373 sed
972 1309 1086 1373 cosin
1121 1307 1302 1373 ridiculum
1324 1329 1454 1394 augens

285 1416 380 1482 ludit.
427 1417 566 1495 Tamen,
600 1416 664 1481 nisi
698 1415 847 1480 subesset
870 1415 949 1480 huic
973 1414 1052 1480 ludo
1077 1414 1191 1500 aliqua
1213 1415 1346 1495 veritas,
1370 1416 1454 1480 haec

284 1530 395 1588 essent
425 1523 524 1608 plane
554 1524 677 1608 inepta.
725 1522 846 1608 Atque,
871 1522 898 1587 si
922 1523 1109 1587 accuratius
1144 1522 1226 1588 haec
1249 1522 1352 1589 verba
1379 1544 1454 1588 exa·

285 1629 500 1707 minabimus,
531 1629 744 1697 inveniemus
773 1630 896 1708 omnia,
922 1649 1008 1714 quae
1032 1628 1121 1694 dicta
1144 1635 1222 1694 sunt
1245 1629 1286 1695 de
1309 1636 1456 1716 tyranno

286 1737 439 1804 aDione
474 1736 599 1816 adiuta,
634 1759 703 1802 non
737 1758 835 1822 posse
870 1758 940 1802 non
974 1736 1063 1802 dicta
1087 1758 1158 1802 esse
1181 1735 1222 1801 ds
1245 1737 1455 1822 proconsule.

285 1845 384 1909 Nunc
417 1843 542 1923 videas,
579 1865 747 1929 quaenam
782 1849 897 1910 contra
929 1843 1026 1908 illum
1060 1843 1201 1908 crimina
1223 1844 1455 1928 proferantur:

284 1953 447 2028 ἐξελάσαι,
484 1950 575 2026 ὅσους
611 1950 655 2019 δυ
681 1952 817 2037 δυύηται
845 1955 1053 2035 πλείστους..
1070 2003 1076 2016 .
1093 2003 1098 2015 .
1115 1952 1172 2018 διδ
1208 1949 1244 2018 τδ
1276 1953 1321 2038 μή
1355 1953 1456 2020 δύνα-

286 2067 370 2126 σθαι
385 2109 391 2121 .
407 2110 412 2122 .
430 2111 435 2123 .
453 2111 458 2123 .
473 2075 584 2146 φυγεῖν
609 2061 693 2146 μηδὲ
715 2061 893 2142 ὑπομένειν
916 2061 1110 2126 καταλιπεῖν
1144 2054 1207 2144 τήν
1241 2061 1385 2145 πατρίδα
1422 2065 1458 2123 et

285 2164 370 2233 κατδ
395 2163 513 2255 κράτος
536 2163 777 2256 παραλήψεται
800 2162 859 2246 coir
883 2167 996 2246 πόλεις
1017 2177 1074 2232 καὶ
1096 2166 1171 2244 roric
1196 2167 1325 2253 δήμους.
1380 2165 1457 2230 Iam

286 2293 374 2350 vero,
408 2271 435 2337 si
459 2278 654 2357 reputamus
678 2271 821 2338 Dionem
855 2272 918 2337 hoc
942 2272 1013 2337 loco
1037 2272 1244 2358 proconsulis
1275 2273 1363 2336 laeta
1384 2293 1457 2336 non

286 2399 363 2444 cum
399 2378 463 2444 fide
496 2399 640 2458 narrare,
678 2378 736 2444 sed
770 2378 1007 2444 tumultuantis
1030 2379 1147 2464 populi
1169 2379 1245 2444 odio
1268 2378 1384 2463 iraque
1407 2379 1458 2444 in·

287 2486 449 2551 flammati
485 2485 527 2550 de
562 2487 608 2551 eir
640 2485 898 2552 declamationes
929 2487 1059 2565 referre,
1095 2486 1165 2552 veri
1190 2507 1259 2552 non
1294 2485 1458 2552 dissimile

286 2592 456 2662 videbitur
478 2593 541 2658 hoc
564 2593 636 2658 loco
660 2592 701 2659 de
723 2601 920 2684 συνοικισμῷ
931 2593 995 2678 agi,
1020 2593 1136 2678 inquo
1153 2592 1278 2658 scilicet
1299 2613 1367 2658 non
1384 2594 1457 2677 qui-

287 2700 364 2766 dem
388 2700 556 2766 saeviatur
578 2705 694 2766 contra
717 2699 806 2779 deos,
831 2699 891 2765 sed
905 2699 1032 2785 templa
1047 2699 1120 2764 aliis
1143 2699 1224 2764 locis
1242 2699 1456 2780 collocentur,

287 2807 441 2873 homines
473 2829 542 2872 non
567 2806 703 2892 quidem
738 2806 989 2886 interficiantur,
1023 2806 1082 2872 sed
1105 2814 1268 2892 cogantur
1291 2828 1360 2872 non
1382 2808 1457 2872 sine

287 2915 447 2980 molestiis
470 2935 560 2980 nova
582 2913 751 2979 domicilia
774 2935 943 2999 quaerere.
990 2913 1108 2999 Neque
1129 2913 1296 2979 absonum
1319 2921 1368 2979 est
1391 2913 1457 2980 hoc

287 3022 358 3088 loco
382 3043 501 3088 senum
525 3020 737 3106 potissimum
761 3021 966 3086 mentionem
990 3021 1070 3086 fieri.
1117 3021 1205 3086 Nam
1223 3021 1271 3085 illi
1294 3021 1352 3086 tali
1368 3041 1457 3086 com·

288 3129 472 3196 mutatione
495 3149 575 3214 prae
599 3128 715 3194 ceteris
739 3129 853 3194 vexari
877 3128 993 3193 solent.

394 3237 512 3321 ltaque
535 3235 680 3300 Dionem
711 3255 759 3314 ea,
793 3256 880 3320 qnae
914 3257 1047 3300 summo
1071 3234 1181 3300 studio
1206 3235 1455 3320 concupiverat,

287 3344 402 3430 aliqua
425 3348 582 3428 exparte
606 3348 822 3408 consecutum
847 3363 918 3408 esse
948 3342 1128 3408 verisimile
1157 3348 1215 3421 est,
1240 3361 1350 3427 neque
1373 3363 1456 3408 vero

287 3473 348 3538 per
361 3451 451 3517 cives
474 3470 563 3528 suos,
587 3455 626 3514 ut
648 3455 839 3534 speraverat
862 3449 992 3535 [taret
1017 3448 1075 3514 sed
1098 3449 1293 3514 auctoritate
1318 3469 1456 3534 procon-

288 3558 369 3625 sulis
393 3557 547 3623 Romani.
573 3595 615 3606 -
648 3557 744 3633 Quae
768 3557 906 3622 sirecte
930 3556 1099 3642 disputata
1122 3562 1211 3629 sunt,
1241 3555 1324 3621 haec
1347 3556 1455 3622 oratio

287 3665 402 3732 habita
425 3670 474 3730 est
496 3670 599 3750 post
622 3663 787 3730 orationes
810 3663 972 3729 hactenus
995 3669 1280 3728 commemoratas.

393 3841 434 3910 V.
480 3842 615 3930 Reliqui
638 3849 717 3909 sunt
738 3848 804 3908 tres
826 3842 889 3908 loci
913 3841 1070 3906 orationis
1093 3841 1146 3920 48,
1171 3861 1239 3927 qua
1262 3841 1326 3906 Dio
1358 3841 1455 3908 cives

290 3949 455 4040 quosdam
479 3949 637 4030 defendit,
661 3949 720 4035 qui
744 3948 979 4036 arguebantur,
1007 3948 1096 4035 quod
1121 3949 1280 4034 pecunias
1302 3948 1456 4036 publicas

289 4059 471 4124 retinerent
495 4059 544 4143 [cl.
569 4056 696 4143 47,19].

396 4165 450 4244 48,
466 4166 514 4230 ll.
565 4164 594 4250 l)
617 4165 687 4232 ἀλλ’
711 4171 784 4244 ἴσως
811 4161 1058 4254 ἐδυσχεράνατε,
1090 4160 1141 4230 δτι
1171 4163 1229 4232 οὐκ
1264 4164 1390 4245 ἐγένετο
1413 4163 1454 4232 τδ

288 4274 390 4365 ἔργον.
437 4285 582 4356 γίγνεται
606 4283 662 4343 καὶ
697 4273 821 4361 σφόδρα
856 4271 948 4338 ἔσται
982 4281 1111 4357 ταχέως,
1150 4267 1294 4357 μάλιστα
1328 4268 1455 4340 τούτων

394 4489 481 4554 48,]1.
526 4490 551 4543 3.
575 4485 670 4538 ἑκοντὶ.
706 4481 818 4549 {xima
843 4484 919 4551 [corr.
943 4483 1028 4551 vulg]
1051 4482 1092 4536 M.
1122 4513 1154 4522 -
1181 4483 1303 4540 διδῶσιν,
1327 4480 1457 4536 διδόασιν

290 4575 404 4634 (lamb.
424 4576 534 4627 δίδωσιν
558 4591 583 4631 v.
602 4591 637 4628 m.
