3234 5312
623 332 843 403 ..43-

146 531 253 598 fuerit
275 533 310 598 in
333 533 433 598 rebus
458 533 610 620 publicis,
646 535 704 620 qni
739 534 868 600 dubitet
903 555 971 599 rem
1007 532 1132 599 civitati
1157 531 1318 616 optatissi-

147 662 244 704 mam
269 661 330 706 sua
352 641 547 706 auctoritate
572 641 728 727 expedire
751 641 1020 707 adversariorum
1043 640 1159 705 odium
1181 639 1316 706 veritus.

147 741 241 811 Nam
265 768 342 812 cum
375 747 556 814 Prusenses
585 749 761 814 inimicitia
782 748 839 814 illa
862 769 939 814 cum
964 747 1212 834 Apamensibus
1235 747 1320 810 inita

147 855 299 939 graviter
320 860 560 940 premerentur,
579 863 711 921 tantum
734 856 974 921 nonnullorum
998 857 1033 920 in
1051 854 1194 919 Dionem
1217 854 1319 918 fuisse

148 961 270 1025 odium
304 963 538 1048 comperimusl
574 971 610 1027 ut
633 985 766 1028 summa
799 974 877 1028 cum
899 962 1052 1028 molestia
1076 961 1319 1047 Apamensium

146 1068 281 1134 inimici
305 1091 499 1154 permanere
522 1070 669 1146 mallent,
688 1091 827 1156 qnama
857 1071 1002 1135 Dione
1035 1089 1152 1155 pacem
1182 1067 1318 1133 restitui.

148 1175 320 1260 Apertum
344 1183 456 1242 autem
481 1184 530 1242 est
552 1179 615 1242 hoc
638 1178 710 1243 loce
733 1200 801 1244 non
825 1184 952 1243 certum
976 1177 1190 1242 inimicorum
1213 1195 1320 1261 genus

151 1283 291 1368 respici,
315 1282 432 1348 sedin
465 1285 660 1351 universum
684 1284 749 1350 dici
773 1283 814 1350 de
842 1284 1098 1370 suspicionibus
1123 1283 1245 1369 quibus
1269 1281 1322 1349 ob·

148 1390 277 1456 noxius
301 1391 401 1456 tuerit
423 1391 497 1457 Dio.

265 1587 306 1652 Π.
332 1587 384 1652 Ex
408 1589 556 1653 oratione
579 1589 621 1652 41
646 1610 735 1654 uuus
759 1596 809 1654 est
830 1589 923 1654 locus
947 1589 1117 1654 citandus:

263 1695 347 1769 412.
395 1707 502 1762 καίτοι
537 1697 718 1782 ἐπίσταμαι
750 1695 859 1783 σαφῶς
892 1696 968 1764 οὐδὲ
999 1694 1073 1770 τούς
1097 1697 1163 1764 ἐκεῖ
1185 1698 1323 1773 πολίτας

150 1799 313 1882 ἅπαντας
344 1795 461 1892 uictum
486 1805 675 1890 δυνάμενος,
709 1806 780 1870 ἀλλ’
807 1806 909 1884 ἐνίους
932 1803 976 1870 δι’
999 1799 1080 1871 αὐτο
1104 1803 1198 1872 τοῦτο
1221 1805 1324 1888 ἄχθο-

149 1920 282 1992 μένοος,
307 1905 357 1976 ὅτι
378 1912 455 1978 λίαν
479 1912 563 1978 δοκοῖ
585 1907 754 1991 φιλόπολις
778 1922 834 1978 καὶ
858 1912 1041 2000 πρόθυμος.

268 2035 494 2119 ,Quamquam
510 2057 578 2100 nen
594 2036 711 2120 ignoro
728 2058 781 2101 me
799 2058 840 2100 ne
856 2035 1013 2100 omnibus
1030 2034 1168 2120 quidem
1184 2032 1323 2112 civibus,

151 2140 219 2227 qui
236 2140 282 2206 ibi
296 2140 444 2232 'iPrusaet
464 2149 552 2220 sunt,
577 2143 766 2208 satisfacere
790 2165 896 2228 posse,
921 2141 979 2207 sed
996 2141 1175 2207 nonnullos
1191 2147 1326 2227 propter

151 2271 235 2314 eam
259 2249 365 2334 ipsam
390 2271 461 2314 rem
484 2248 663 2335 indignari,
689 2250 769 2335 quia
801 2249 902 2314 nimis
933 2250 1060 2335 patriae
1084 2269 1201 2314 amans
1224 2255 1325 2333 atquc

152 2361 315 2421 strenuus
339 2354 454 2422 videor
477 2359 567 2422 esse.'

268 2479 342 2546 Hoc
365 2481 447 2558 locu,
472 2504 679 2568 quamquam
704 2484 784 2550 novi
800 2482 987 2569 quidquam
1003 2505 1073 2547 ncn
1090 2482 1324 2567 comperimus

152 2595 274 2654 tamen
309 2610 348 2653 ea
382 2589 631 2664 confirmantur,
671 2612 758 2677 quae
793 2613 834 2656 ex
869 2589 1017 2656 oratione
1056 2590 1100 2655 40
1135 2587 1323 2653 didicimus.

152 2694 330 2760 Nimirum
368 2717 410 2760 ne
450 2696 620 2782 Apameae
655 2696 793 2782 quidem
826 2697 867 2763 de
902 2695 1155 2762 difficultatibus
1190 2716 1326 2781 prorsus

152 2808 250 2868 tacet
272 2802 345 2881 Die,
371 2825 455 2888 quas
480 2803 661 2870 Prusenses
685 2805 748 2870 sibi
772 2803 954 2871 adversarii
978 2809 1143 2890 pararent.

270 2998 327 3063 III.
376 2998 565 3064 Dolendum
596 3022 676 3080 csse,
710 3000 801 3087 quod
830 3002 866 3065 in
897 3001 1045 3066 oratione
1068 3001 1110 3064 43
1135 3001 1198 3064 Dio
1222 2998 1329 3062 multa

155 3127 224 3193 per
246 3105 387 3171 ironiam
411 3106 446 3171 in
470 3110 578 3172 maius
606 3115 727 3194 augeat
749 3109 817 3173 iam
841 3129 944 3193 supra
966 3107 1202 3174 demonstravi.
1252 3107 1327 3183 Quo

155 3215 210 3292 fit,
235 3219 273 3278 ut
294 3213 337 3278 ad
366 3220 514 3279 nostram
548 3237 682 3301 quoque
715 3215 945 3301 quaestionem
977 3213 1228 3280 diiudicandam
1259 3235 1327 3278 non

156 3327 295 3386 tantum
333 3321 510 3400 lucremur,
546 3330 711 3409 quantum
748 3330 998 3410 expectaremus
1034 3344 1075 3387 ex
1110 3321 1257 3386 eratione
1293 3320 1328 3385 in

158 3434 282 3493 senatu
305 3428 421 3493 habita
443 3429 486 3494 ad
510 3428 737 3496 defendendos
760 3430 1028 3496 adversariorum
1051 3430 1205 3514 impetus.

271 3553 417 3632 43,1.2.
468 3557 499 3635 1)
522 3557 583 3640 ἐμοὶ
620 3559 656 3624 δὲ
690 3560 746 3626 οὐκ
777 3557 955 3643 ἐπιθυμῶν
978 3558 1161 3644 πράγματα
1201 3553 1261 3639 ἔχω
1286 3556 1329 3620 δι’

160 3663 264 3730 οὐδὲν
287 3667 394 3752 ἕτερον
417 3665 482 3732 rino*
507 3664 701 3752 ἀνθρώπων
737 3665 910 3733 οἷόννοὶτων
944 3677 999 3731 καὶ
1023 3670 1205 3752 φθονερῶν,
1237 3661 1255 3748 ἢ
1279 3661 1330 3728 ὃτι

161 3771 252 3838 δοκῶ
289 3781 431 3854 στέργειν
469 3775 555 3856 ὑμᾶς
584 3784 639 3839 καὶ
669 3773 711 3839 τοὶ
742 3781 804 3859 μὲν
836 3771 874 3857 [v.
915 3792 1016 3856 supra
1040 3789 1094 3855 pg.
1123 3769 1172 3855 15}
1190 3818 1328 3834 .......

162 3879 197 3942 2.
216 3889 272 3945 καὶ
279 3878 543 3949 τοῦτοεῖπονούκ
554 3881 830 3967 ἀλαζονευόμενος
839 3879 945 3957 ἄλλως
961 3929 966 3942 .
982 3930 988 3943 .
1005 3928 1010 3940 .
1027 3929 1032 3942 .
1047 3880 1119 3945 ἀλλ’
1130 3877 1331 3964 ἀμυνόμενος

162 4061 387 4068 ..----.-....--.
396 4061 481 4067 -——-

274 4185 347 4250 41,a‚
384 4189 407 4236 2.
427 4183 605 4254 ἀχθομένους,
624 4179 778 4254 ἀχθόμενος
796 4181 828 4235 B.
849 4181 888 4234 M.

275 4275 348 4340 4s,1.
380 4277 402 4325 1.
413 4275 472 4343 ἔχω.
487 4275 555 4344 ἔχων
565 4271 605 4326 M.
620 4278 644 4341 2,
658 4277 682 4328 3,
693 4272 876 4342 διοῤῥαγώσιν
884 4271 1075 4340 διιιλλανοῐσιν.
1086 4269 1228 4324 Valckcn.'
1240 4275 1330 4322 annot.

164 4363 228 4420 crit.
239 4363 273 4417 ad
283 4362 317 4416 N.
328 4362 359 4420 T.
370 4379 414 4431 pg.
426 4365 485 4416 377.
506 4392 538 4400 -
558 4359 615 4414 ‹ur
626 4357 674 4413 οὖν
688 4361 765 4429 Eup.
778 4361 882 4433 μᾶλλον
900 4360 976 4427 reliq.
996 4365 1019 4412 4.
1039 4362 1064 4411 ol
1083 4358 1158 4411 αὐτοὶ
1177 4359 1291 4415 Oasaub.
1310 4373 1331 4411 r.

163 4451 259 4511 αὐτοῖς
277 4452 317 4509 M.
343 4450 415 4504 αὐτοὶ
434 4452 467 4508 B.
487 4469 512 4508 v.
531 4469 565 4505 m.
593 4442 666 4504 οὗτοι
685 4451 793 4505 Reiske.
813 4480 845 4488 —
867 4451 922 4521 ἐμὲ,
946 4452 995 4521 ἐμέ
1018 4469 1042 4501 τε
1062 4449 1170 4503 Reiske.
1191 4480 1222 4488 —
1243 4452 1331 4521 ἔχουσι

164 4544 201 4598 Β.
221 4542 262 4598 Μ.
282 4541 397 4598 Casaub.
416 4559 438 4600 r.
458 4541 544 4603 ἕξουσι
562 4558 589 4598 v.
608 4558 642 4596 m.
680 4547 704 4594 ὁ.
724 4538 781 4596 ἒοὶν.
800 4539 837 4591 ἅν
854 4541 895 4594 Μ.
916 4570 946 4579 -
968 4541 1070 4604 θέλητε.
1091 4540 1201 4603 diique
1221 4538 1260 4596 M.
