3234 5312
773 317 992 381 ..72-

303 532 450 596 cumque
485 509 525 578 de
558 532 619 576 sue
654 509 777 578 Prusae
812 511 1071 578 conunoratione
1106 510 1194 590 dicit,
1237 532 1318 579 voce
1359 511 1461 576 ut‘tur

304 619 491 704 ,ἰπιδημίαᾏ
516 617 606 684 unde
622 623 713 704 patet
736 639 756 683 a
778 618 915 684 consilio
930 619 987 683 illo
1003 618 1161 686 manendi
1178 639 1255 684 eum
1278 613 1459 684 recessisse

304 724 447 790 Diversa
476 729 588 792 autem
623 725 750 790 ratione
773 724 814 790 de
838 725 900 790 hac
924 746 958 789 re
982 725 1137 810 loquitur.
1184 725 1225 789 In
1249 725 1395 790 oratione
1418 725 1461 788 43

303 831 501 898 adversariis
519 831 652 898 videtur
665 832 773 911 irasci,
787 833 845 918 qui
861 832 1005 898 invitum
1030 832 1205 918 expellant.
1251 832 1292 896 In
1315 832 1462 897 oratione

304 938 346 1002 45
381 935 614 1004 tantummodo
650 960 684 1004 se
719 938 888 1004 abiturum
923 959 994 1004 esse
1018 942 1088 1003 sine
1111 938 1161 1002 ira
1182 939 1247 1004 Dic
1270 939 1461 1024 proclamat.

304 1044 397 1110 Idem
421 1045 501 1110 dicit
523 1045 559 1110 in
582 1045 730 1110 oratione
752 1045 805 1108 47.
853 1044 907 1109 An
930 1045 1062 1111 videtur
1085 1066 1123 1110 eo
1154 1045 1349 1130 compellere
1372 1045 1462 1110 audi·

304 1157 400 1230 tores,
424 1158 462 1216 ut
485 1151 639 1218 desinant
661 1151 773 1237 ipsum
797 1152 941 1218 vexare?
988 1151 1118 1218 Sentire
1143 1151 1295 1217 videmur
1319 1151 1462 1217 Dionem

304 1259 442 1324 tortasse
465 1258 506 1323 de
530 1260 695 1324 sententia
717 1258 933 1324 decessurum
957 1280 1037 1336 esse,
1062 1279 1149 1343 quae
1172 1265 1287 1324 contra
1309 1259 1392 1336 50st
1417 1259 1464 1324 ite

307 1364 440 1430 videtur
463 1373 559 1445 stare,
585 1365 681 1451 quasi
706 1371 838 1451 tempus
855 1366 1068 1451 profectionis
1084 1365 1156 1430 eius
1178 1367 1395 1431 constitutum
1412 1366 1463 1431 sit.

412 1472 488 1537 Hoc
524 1471 627 1558 igitur
649 1478 776 1538 certum
800 1479 849 1538 est
872 1472 913 1538 de
936 1472 1009 1557 ipse
1033 1473 1235 1558 proiectione
1258 1494 1299 1537 ex
1321 1472 1374 1537 his
1397 1494 1464 1537 ora-

305 1578 451 1643 tionibus
487 1578 570 1644 nihil
605 1600 701 1664 posse
736 1578 905 1644 concludi:
942 1585 1054 1643 utrum
1078 1600 1113 1644 re
1136 1600 1215 1645 vera
1237 1579 1302 1644 Dio
1324 1580 1465 1644 Prusam

305 1684 484 1770 reliquerit,
521 1686 698 1751 nescimus
745 1685 833 1750 Illud
856 1691 978 1764 autem,
1017 1684 1108 1770 quod
1141 1686 1177 1750 in
1201 1684 1326 1750 eisdem
1349 1686 1466 1750 oratio·

305 1790 405 1856 nibus
428 1790 490 1856 sibi
522 1791 679 1858 videntur
711 1791 828 1877 legisse
851 1791 914 1858 viri
939 1791 1026 1857 docti
1052 1791 1194 1857 Dionem
1217 1813 1237 1856 a
1260 1792 1388 1858 civibus
1412 1815 1465 1858 ex·

306 1898 441 1983 pulsum
465 1920 545 1976 esse,
572 1899 669 1982 plane
694 1904 744 1964 est
766 1899 890 1964 fictum.
