3234 5312
787 283 983 348 ..6.-

304 480 566 548 oausa'lortasse
589 477 667 547 inde
699 476 843 564 petenda
880 483 938 553 est,
971 475 1062 561 quod
1085 472 1332 559 Apamensibus
1367 476 1466 536 anteo

304 585 461 654 videntur
489 585 613 650 subditi
648 585 750 650 luisse
774 585 965 650 Prusenses.
1012 583 1163 668 Apamea
1191 587 1304 646 autem
1336 579 1467 645 colonia

304 693 369 762 fuit
391 693 552 758 Romana.
601 693 712 768 Quare
727 691 886 758 Prusensi
908 690 1049 756 dioecesi
1065 689 1217 754 instituta
1231 689 1465 773 imperatorem

305 799 558 885 Apamensium,
575 799 769 864 colonorum
781 799 1021 875 Romanorum,
1039 795 1222 861 commodis
1236 794 1465 859 consulentem

304 905 519 990 vectigalium
554 912 684 991 partem
711 905 775 970 illis
807 903 982 969 retinuisse
1013 903 1083 969 veri
1114 925 1182 968 non
1215 907 1265 967 est
1294 900 1463 966 dissimile.

305 1012 434 1078 Deinde
452 1012 575 1077 scimus
587 1033 626 1078 eo
639 1019 788 1097 tempore
804 1011 954 1078 civitates
971 1010 1168 1095 dignitatem
1184 1016 1216 1074 et
1232 1008 1463 1074 auctoritatem

305 1117 546 1204 oppidorume
577 1140 716 1184 numero
750 1125 941 1184 senatorum
971 1116 1135 1182 iudicasse
1169 1116 1291 1200 tran:
1322 1127 1377 1182 καί
1407 1119 1466 1183 τοῦ

304 1224 454 1314 πλήθους
476 1233 542 1296 τοῖν
565 1228 770 1310 βουλευτῶνζ.
811 1225 896 1290 lem
920 1247 960 1290 ex
984 1225 1131 1289 oratione
1154 1223 1229 1298 45]
1254 1229 1383 1288 constat
1405 1243 1468 1286 uu-

304 1354 435 1408 merum
466 1339 600 1406 centum
632 1339 824 1397 senatorum
847 1333 971 1397 Prusae
1000 1351 1196 1396 concessum
1227 1352 1306 1396 esse.
1355 1332 1465 1407 Quare

305 1439 382 1505 licet
404 1439 565 1525 suspicari
588 1440 679 1505 hunc
702 1461 881 1504 numerum
904 1439 1069 1503 minorem
1092 1438 1203 1504 visum
1234 1459 1304 1502 esse
1328 1437 1465 1502 Prusen-

306 1546 397 1611 sibus
421 1546 625 1632 quibusdam
642 1567 844 1630 causamque
860 1547 973 1624 tuisse,
998 1545 1089 1630 quod
1107 1545 1207 1610 Dioni
1224 1550 1463 1610 succenserent.

306 1653 423 1740 Itaque
448 1675 485 1719 eo
520 1660 678 1738 tempore,
715 1675 782 1746 quo
817 1653 899 1718 haec
934 1653 1037 1717 oratio
1072 1651 1186 1718 habita
1222 1658 1280 1728 est,
1316 1656 1349 1716 ct
1370 1651 1465 1737 juris-

307 1759 461 1825 dictionis
484 1767 517 1826 et
551 1760 765 1845 vectigalium
795 1759 1033 1846 exigendorum
1066 1759 1239 1844 privilegio
1269 1757 1467 1823 fruebantur

307 1866 488 1948 Prusenses
523 1873 564 1945 et,
605 1868 666 1932 etsi
705 1868 887 1956 διοικήσεως
927 1888 1050 1932 nomen
1085 1867 1132 1930 in*
1161 1887 1199 1930 ea
1233 1886 1301 1930 non
1335 1865 1466 1950 legitur,

305 1977 460 2059 διοίκησιν
467 1974 668 2040 Prusensem
679 1975 866 2039 institutam
875 1974 977 2039 luisse
989 1979 1125 2040 constat.
1141 1972 1270 2038 Deinde
1281 1972 1467 2037 notandum

305 2087 354 2146 est
377 2080 480 2146 verba
503 2085 546 2161 οἷς
569 2083 669 2150 ἄλλου
692 2078 781 2163 τινδς
815 2085 1046 2168 διαλεχθέντος
1075 2079 1286 2168 [quibuscum
1318 2080 1468 2144 conferas

307 2209 355 2266 ea,
381 2208 467 2273 quae
491 2188 602 2252 statim
627 2195 814 2273 sequuntur
837 2193 856 2269 ξ
883 2189 922 2252 15
947 2191 1018 2254 ἄλλ’
1044 2191 1144 2274 ὁμοῦ·
1158 2186 1296 2269 ἐδέοντο]
1327 2186 1467 2272 intelligi

306 2316 374 2369 non
398 2316 504 2380 posse,
529 2295 593 2360 nisi
618 2300 775 2381 putamus
806 2295 840 2359 in
865 2294 1083 2381 impetrandis
1114 2295 1166 2359 his
1199 2293 1381 2380 privilegiis
1411 2293 1467 2358 ali-

305 2423 391 2488 quas
416 2401 517 2466 luisse
543 2402 659 2467 Dionis
683 2409 802 2488 partes.
851 2402 1004 2479 Quocum
1029 2407 1220 2486 congruunt
1243 2401 1354 2478 verba,
1379 2423 1466 2487 quae

305 2509 462 2593 leguntur
485 2509 599 2587 48,ll:
625 2517 652 2577 εἰ
676 2511 735 2597 τήν
759 2509 902 2596 ἐμαυτοῦ
931 2509 1075 2598 πατρίδα
1104 2521 1298 2597 τιμιωτέραν
1326 2510 1467 2598 ἐποίησα

305 2618 477 2707 χρημάτων
501 2613 575 2684 τινα
601 2618 750 2706 ἀφορμήν
773 2618 953 2703 παρασχών
977 2638 1025 2701 sq.

414 2721 490 2790 Alia
525 2745 603 2789 vero
638 2723 780 2788 obstant.
846 2722 911 2788 Sed
929 2805 930 2808 Ἴ
945 2723 1091 2808 primum
1126 2745 1187 2787 nos
1222 2728 1391 2788 vertamus
1425 2723 1468 2787 ad

305 2829 559 2894 orationem
592 2831 650 2894 44.

411 2937 452 3001 Π.
489 2937 574 3013 44,5.
625 2936 653 3023 1)
676 2941 694 3004 ὅ
716 2946 795 3022 γοῦν
811 2936 983 3018 πάπποςδ
1007 2939 1092 3023 ἐμὸς,
1119 2945 1150 3004 εί
1170 2939 1227 3005 lut
1250 2940 1364 3004 πλεῖον
1378 2931 1467 3005 α’πώ·

307 3072 386 3111 νατυ
402 3051 459 3129 τῆς
482 3046 592 3129 φιλίας
615 3050 674 3114 τοῦ
697 3039 1040 3136 τότεάδτοκροίτορυς,
1066 3042 1150 3112 οἷλλυῖ
1173 3046 1217 3132 μή
1242 3045 1364 3132 δραχδς
1387 3073 1467 3112 παν·

304 3151 401 3225 valois
426 3153 552 3235 ἐγένετο
579 3150 700 3238 χρόνος.
727 3155 887 3230 διενοεῖτο,
913 3149 955 3232 ὥς
978 3175 1084 3239 φασιν,
1109 3153 1303 3241 ἐλευθερίαν
1318 3159 1358 3238 τῆ
1373 3153 1467 3219 πόλει

307 3262 421 3337 λαβεῖν
444 3269 500 3325 καὶ
523 3253 583 3344 ἤδη
619 3271 693 3348 περὶ
727 3261 840 3327 τούτου
874 3273 1030 3345 πεποίητο
1064 3261 1122 3325 τδν
1156 3261 1260 3342 λόγον.
1296 3260 1334 3324 ου’
1359 3261 1467 3326 δεῖδὲ

306 3368 510 3444 α’πελπίζειν,
536 3371 594 3444 ἕως
618 3363 660 3432 ἄν
691 3367 841 3450 οἶγαδοδς
856 3420 860 3430 .
878 3419 883 3430 ,
901 3419 905 3429 .
923 3416 928 3428 .

414 3489 518 3567 ‚Avus
543 3490 633 3554 enim
656 3512 761 3568 meus,
786 3491 813 3555 si
837 3490 962 3555 diutius
986 3491 1132 3556 amicitia
1154 3491 1363 3576 imperatoris
1386 3498 1467 3558 tunc

304 3596 473 3682 regnantis
509 3619 589 3662 usus
625 3605 718 3676 esset,
755 3620 863 3683 neque
899 3599 999 3663 nimis
1034 3598 1133 3666 breve
1169 3600 1287 3665 fuisset
1322 3606 1465 3684 tempus,

304 3704 430 3770 civitati
454 3704 640 3769 libertatem
664 3705 841 3792 impetrare
873 3705 1038 3770 studuisse
1071 3706 1191 3771 dicitur
1216 3713 1248 3771 et
1270 3707 1337 3772 iam
1362 3707 1402 3772 de
1426 3729 1466 3772 ea

304 3833 338 3876 re
363 3811 626 3877 dissertationem
651 3814 841 3897 perfecerat.
889 3814 1006 3898 Neque
1032 3835 1110 3880 vero
1135 3813 1382 3899 desperandum
1406 3821 1464 3894 est,

304 3919 416 4008 quoad
441 3918 544 3984 bonos
570 3972 575 3983 .
604 3971 609 3983 .
636 3972 642 3984 .
669 3921 685 3983 .'

409 4226 477 4290 44,t.
515 4227 539 4274 2.
559 4228 604 4272 τοῦ
622 4219 688 4275 τότε,
702 4219 796 4274 τούτου
815 4241 845 4291 γε
864 4239 898 4278 m.
937 4227 961 4276 3.
977 4219 1083 4293 χρόνος.
1104 4220 1118 4274 δ
1129 4220 1228 4294 χρόνος
1243 4223 1352 4280 Reiske.
1374 4255 1404 4262 —
1425 4231 1465 4294 τῇ-

303 4307 378 4363 πόλει
397 4311 495 4378 λαβεῖν.
509 4311 600 4377 λαβεῖν
620 4317 651 4380 τῇ
669 4309 741 4363 πόλει
763 4319 786 4362 Β
805 4311 983 4379 superscripto
1002 4319 1092 4366 tamen
1111 4318 1142 4382 τῇ
1161 4311 1242 4368 πόλει,
1268 4319 1291 4366 4.
1312 4316 1357 4365 καὶ
1384 4321 1412 4370 Β,
1428 4323 1465 4372 Μ,

303 4399 495 4470 F[Vaticanus
506 4400 590 4467 1336]Ι
602 4399 727 4454 Kochler.
739 4403 781 4452 ναί
792 4402 838 4455 rel.
848 4432 879 4440 -
891 4398 935 4452 τὸν
945 4418 996 4458 om.
1006 4401 1036 4454 F.
1058 4407 1082 4455 5.
1097 4400 1251 4464 ἀπελπίζειν
1260 4403 1293 4456 Β.
1307 4403 1347 4458 M.
1367 4404 1465 4458 Casan-

259 4539 261 4544 .
303 4490 406 4559 b[onus]
423 4488 573 4556 r[lteiske].
585 4489 699 4550 ἐλπίζειν
709 4491 756 4544 rel.
767 4490 889 4544 Rebatur
898 4490 1000 4546 Reislre
1012 4496 1040 4544 et
1053 4491 1168 4552 ἐλπίζειν
1177 4492 1231 4560 legi
1241 4509 1317 4559 posse
1327 4494 1415 4548 deleto
1425 4494 1466 4549 οὗ.
