3234 5312
612 353 831 421 ..59-

213 547 309 612 ·Hic
346 549 504 634 primum,
544 571 621 616 curn
668 573 702 616 se
740 550 861 615 iterum
898 551 1189 636 peregrinaturum
1228 569 1298 614 esse

137 653 416 742 [ἀποδημεῖν]
461 655 559 730 dieat.
607 679 703 722 suam
751 657 875 722 Prusae
919 657 1141 742 praesentiam
1188 655 1298 722 verbis

135 763 243 829 ἐπιδ
254 791 272 848 η
283 775 362 848 μία
388 769 420 828 et
442 765 685 852 ἐπιδημεῖν
701 764 873 849 signifieat,
891 785 958 849 qua
974 785 1054 830 voce
1072 763 1194 847 [finitur
1209 763 1299 827 enim

136 871 310 961 ἀποδημίᾳ
334 871 505 958 ἐπιδημία]
531 870 689 936 docemur
713 892 790 936 eum
814 892 873 956 per
902 870 1038 956 aliquod
1066 868 1299 935 tantummodo

15 1041 17 1060 ¹
136 981 273 1060 tempus
297 977 422 1042 Prusae
443 977 526 1043 velle
550 977 756 1042 commorari.
805 976 906 1054 Quod
930 983 1042 1044 autem
1067 976 1147 1042 dicit
1174 999 1208 1042 se
1231 977 1299 1040 iam

15 1063 16 1112 t
137 1081 250 1168 priore
273 1089 422 1169 tempore
446 1105 487 1148 ex
511 1085 618 1169 patria
634 1084 811 1150 excessisse
835 1105 948 1150 amore
964 1091 1064 1170 atque
1080 1083 1300 1150 admiratione

135 1189 292 1256 omnium
315 1190 439 1256 civium
463 1192 638 1270 fruentem,
669 1191 892 1256 reminiscitur
926 1197 1012 1257 certe
1047 1191 1117 1256 eius
1141 1190 1300 1276 temporis

136 1319 207 1382 qno
229 1297 334 1376 olim,
370 1304 408 1363 ut
443 1298 586 1364 Romam
622 1304 756 1384 peteret,
792 1298 934 1383 patriam
958 1299 1136 1384 reliquerat
1169 1297 1301 1364 nescius

136 1403 300 1469 nimirum
316 1405 396 1484 fore,
413 1411 451 1469 ut
473 1405 555 1470 haec
579 1405 750 1493 αἷποδημία
774 1409 923 1471 vertatur
945 1405 978 1469 in
997 1402 1110 1492 φυγήν.
1158 1403 1301 1470 Mutavit

136 1510 242 1596 igitur
266 1511 444 1576 consilium
467 1513 501 1575 in
526 1511 633 1598 patria
657 1510 860 1590 remanendi,
886 1534 953 1597 quo
976 1512 1011 1577 in
1035 1510 1241 1594 orationibus
1257 1511 1301 1576 40

137 1625 169 1682 et
193 1617 238 1680 44
262 1619 311 1682 uti
342 1617 528 1697 videbatur,
552 1620 587 1684 in
623 1619 770 1684 oratione
793 1619 846 1696 43,
881 1640 991 1704 neque
1025 1619 1062 1685 in
1085 1616 1301 1704 sequentibus

140 1723 350 1789 orationibus
374 1724 530 1790 omnibus
554 1725 595 1790 ab
618 1705 690 1790 hac*
705 1725 836 1791 ratione
855 1724 1012 1791 discessit.

245 1883 305 1949 IV.
351 1884 405 1962 45,
420 1887 446 1948 l.
471 1882 733 1971 sollennitate
757 1887 939 1953 ἀποδοῦναι
963 1887 1059 1967 λόγον
1081 1885 1136 1972 τῆς
1159 1884 1301 1969 ἐπιδη-

135 2002 248 2077 μίας
271 1991 401 2079 ταύτης,
424 1993 539 2080 ἐπειδη
564 2005 619 2060 καὶ
643 1988 768 2080 βραχῦν
791 1998 900 2078 οἴομαι
929 1992 988 2060 τὸν
1019 1993 1136 2060 λοιπδν
1165 1993 1306 2060 ἔσεσθαί

135 2125 194 2182 μοι
217 2095 343 2187 χρόνον.
368 2097 428 2186 τήν
451 2108 512 2184 μὲν
533 2095 596 2187 reip
619 2097 744 2186 φυγὴν.
761 2149 788 2162 ..

247 2205 419 2282 ,rationem
443 2205 537 2271 vobis
561 2205 696 2272 reddere
720 2206 795 2272 volo
819 2205 1025 2292 praesentiae
1057 2206 1159 2271 liuius
1196 2225 1301 2283 meae,

136 2311 303 2396 quoniam
341 2310 440 2378 breve
478 2313 549 2378 fore
581 2319 713 2398 tempus
749 2313 911 2392 existimo,
947 2313 1038 2398 quod
1072 2312 1155 2377 mihi
1191 2316 1300 2377 restat.

135 2418 305 2484 Exsilium
330 2419 439 2484 enim.
534 2461 536 2468 ·

250 2525 475 2610 Opponuntur
510 2527 565 2593 hic
597 2530 756 2616 ἐπιδημία
792 2534 824 2593 et
858 2528 951 2616 φυγή.
1007 2526 1105 2592 Unde
1139 2527 1305 2613 colligitur
1406 2607 1408 2610 1

139 2633 328 2701 orationem
349 2632 499 2716 habitam
523 2655 593 2700 esse
617 2658 637 2700 a
661 2635 777 2714 Dione,
813 2657 889 2700 cum
927 2655 1078 2700 reversus
1115 2656 1155 2699 ex
1189 2635 1304 2699 exsilic

139 2737 352 2824 aliquamdiu
387 2741 510 2806 Prusae
546 2748 694 2807 moratus
730 2749 815 2808 esset
863 2742 914 2828 [cf.
949 2743 1125 2830 ἐπιδημίας
1164 2739 1302 2829 ταύτηςΙ.

140 2848 257 2924 Quam
272 2848 454 2934 ἐπιδημίαν
468 2847 605 2914 brevem
621 2850 692 2914 lore
708 2848 788 2914 dicit
805 2849 878 2928 Dio,
903 2849 984 2934 quia
999 2849 1099 2914 breve
1123 2849 1153 2914 ei
1172 2855 1304 2934 tempus

139 2959 288 3018 restaret.
336 2953 514 3048 Duplicem
537 2956 674 3041 quidem
708 2956 789 3021 haec
823 2955 926 3022 verba
962 2954 1086 3044 [ἐπειδη
1112 2958 1171 3041 sq]
1207 2956 1304 3021 inter·

139 3060 364 3147 pretationem
389 3059 580 3140 admittunt,
606 3085 683 3128 cum
706 3067 765 3128 aut
787 3063 834 3129 ita
856 3062 996 3148 intelligi
1019 3063 1157 3148 possint,
1182 3069 1220 3126 ut
1241 3063 1305 3128 Dio

15 3215 17 3272 η
140 3167 247 3244 mala¹
265 3167 456 3234 valetudine
492 3169 646 3235 laborans
682 3171 730 3254 let.
765 3169 819 3249 45,
830 3171 858 3234 2.
884 3169 937 3247 40,
948 3170 977 3233 2.
1002 3169 1116 3255 luas]
1141 3169 1246 3236 vereri
1271 3190 1305 3234 se

15 3277 17 3306 '
141 3274 242 3353 dicat,
268 3297 310 3340 ne
333 3275 421 3342 vitae
444 3277 520 3342 finis
543 3277 827 3362 appropinquaret
861 3276 911 3362 lcl.
936 3277 989 3355 40,
1004 3277 1059 3341 19:
1089 3277 1215 3367 γηρῶν],
1248 3283 1306 3342 aut

129 3381 200 3459 ita,
224 3387 261 3446 ut
285 3382 325 3449 de
349 3383 452 3448 altera
475 3384 739 3469 peregrinatione
763 3384 955 3469 cogitemus.
1003 3383 1120 3468 Neque
1149 3405 1227 3449 vero
1252 3405 1305 3468 po·

140 3496 209 3558 test
224 3489 366 3556 dubium
382 3511 462 3570 esse,
480 3490 560 3575 quin
579 3490 666 3556 hanc
682 3491 745 3556 loci
761 3490 1067 3576 interpretationem
1078 3491 1305 3576 praeferamus

141 3596 262 3664 collato
284 3598 369 3676 43,8
393 3603 425 3662 et

251 3705 365 3784 45,14.
413 3704 444 3791 2)
468 3714 524 3772 καῖ
547 3706 605 3772 τὸν
628 3703 745 3795 χρόνον
760 3709 818 3793 τῆς
834 3704 1020 3792 ἐπιδημίας,
1045 3703 1096 3772 δτι
1111 3731 1167 3788 μοι
1181 3702 1306 3796 βραχύς

140 3815 212 3880 ἐστι
236 3816 414 3893 παντελῶς.

253 3919 608 4004 ‚etpraesentiaemeae
617 3926 759 4005 tempus,
771 3917 1120 4004 quoniamadmodum
1128 3917 1227 3985 breve
1236 3919 1303 3985 est'

252 4025 468 4092 Manifestum
491 4032 541 4091 est
563 4027 707 4092 Dionem
730 4026 793 4091 hoe
809 4025 946 4111 quidem
970 4026 1040 4091 loco
1057 4047 1124 4090 non
1143 4025 1183 4090 de
1200 4032 1305 4091 morte

139 4133 246 4219 loqui.
293 4133 411 4226 ltaque
435 4132 618 4198 tenendum
642 4138 691 4198 est
714 4133 857 4197 Dionem
881 4154 919 4198 eo
951 4139 1109 4218 ternpore,
1142 4153 1209 4218 quo
1238 4153 1305 4198 ora·

138 4242 271 4308 tionem
294 4241 337 4305 45
360 4239 487 4319 habuit,
512 4239 575 4306 sibi
598 4240 809 4326 proposuisse
832 4239 953 4304 iterum
977 4239 1189 4324 peregrinari.

251 4477 327 4542 lar,
363 4479 387 4526 2.
408 4469 463 4526 τδν.
483 4468 512 4524 ri
531 4471 572 4526 M.

251 4567 294 4617 45.
304 4567 343 4616 14.
382 4565 405 4620 1.
423 4580 479 4632 μοι.
499 4561 533 4614 Β.
552 4559 593 4619 Μ.
612 4559 727 4617 casaub.
746 4576 767 4617 r.
785 4560 822 4630 μή
843 4575 869 4614 v.
887 4575 923 4616 m.
