3234 5312
626 379 846 446 ..45-

146 575 351 652 ‚Proditores
390 576 480 640 enirn
520 579 552 640 et
586 575 821 639 denuntiantes
860 582 892 640 et
921 576 954 654 ii,
995 576 1055 661 qui
1092 577 1183 640 omni
1218 577 1318 642 modo

144 683 281 748 civibus
305 688 436 761 nocent,
468 690 500 748 et
532 689 611 747 tunc
647 683 681 746 in
705 681 896 747 civitatibus
920 690 1024 762 erant,
1049 690 1081 748 et
1104 705 1195 747 nuno
1219 684 1316 748 sunt!

144 791 203 854 vel
228 789 413 876 proditores
436 791 654 854 nominantur
678 795 710 854 et
733 797 970 874 comparantur
993 811 1070 855 curn
1102 790 1317 876 sycophantis

144 897 301 982 priorum
345 904 542 982 temporum.
620 895 749 961 Deinde
795 897 916 961 iterum
955 898 1176 983 inspiciantur
1214 897 1316 964 verbu

144 1026 237 1090 quae
274 1004 418 1089 legimus
453 1008 473 1086 ἓ
509 1005 548 1069 2ῑ
592 1018 698 1071 καίτοι
733 1006 968 1094 ἐπιεικέστερον
1004 1007 1074 1091 ἐμοὶ
1108 1009 1260 1094 χρῶνται,
1295 1002 1317 1092 ἢ

144 1108 239 1198 δμῐν.
264 1114 346 1198 ἐμοῦ
368 1120 430 1195 μὲν
454 1108 518 1202 γάρ
553 1110 680 1180 tondes
717 1121 957 1202 κατηγοροῦσιν,
993 1107 1088 1198 δμοῖν
1122 1115 1158 1179 δὲ
1181 1114 1237 1179 ἐπὶ
1261 1121 1318 1180 τοῦ

143 1217 308 1306 βήματος.
357 1220 461 1299 Quae,
486 1218 654 1303 quomodo
678 1217 894 1303 intelligenda
918 1219 994 1293 sint,
1018 1240 1088 1283 non
1105 1225 1233 1284 eertum
1257 1225 1315 1284 est.

144 1325 380 1412 Opponuntur
403 1332 516 1391 autern
540 1325 626 1390 inter
649 1346 683 1389 se
707 1325 944 1404 accusationeS,
977 1347 1064 1412 quae
1095 1325 1317 1390 intenduntur

143 1432 279 1501 ἐνθάδε
303 1439 335 1497 et
358 1434 413 1500 ἐπὶ
438 1441 495 1502 τοῦ
517 1435 674 1519 βήματος.
724 1431 835 1517 Atque
851 1434 980 1500 ἐνθάδε
995 1433 1152 1505 Reiskius
1176 1433 1317 1498 coniecit

145 1539 240 1604 idem
265 1547 460 1624 essentque
495 1541 532 1606 ἐν
554 1547 595 1634 τῇ
617 1543 720 1640 βουλῇ
750 1560 860 1624 neque
894 1539 1036 1604 dubium
1069 1539 1201 1606 videtur
1233 1540 1316 1604 mihi

145 1667 231 1725 esse,
257 1646 341 1731 quin
365 1647 469 1711 oratio
492 1647 535 1710 43
572 1648 608 1710 in
632 1653 749 1711 senatu
784 1646 899 1712 habita
932 1647 982 1712 sit.
1030 1647 1189 1712 Conferas
1225 1647 1314 1711 enirn

144 1754 168 1839 ἓ
194 1755 230 1818 5:
257 1753 274 1820 ὅ
301 1756 336 1822 δὲ
367 1757 503 1840 δῆμος
526 1757 569 1834 οἷς
593 1756 726 1840 δῆμος
756 1752 867 1842 ἠγνόει
898 1767 954 1821 καὶ
988 1757 1197 1833 ἀνεπείθετο,
1228 1774 1315 1838 quae

143 1859 252 1926 verba
292 1866 406 1946 utpote
441 1861 566 1946 populo
606 1860 777 1926 infestiora
811 1861 847 1925 in
882 1867 1000 1926 senatu
1037 1861 1125 1926 diota
1158 1861 1315 1926 videntur

143 1989 229 2033 esse.
278 1967 425 2046 Accedit,
459 1967 549 2054 quod
575 1969 638 2032 Dio
669 1968 732 2033 hue
760 1969 908 2033 oratione
940 1969 1093 2033 homines
1123 1968 1315 2053 adloquitur

144 2075 214 2140 sibi
236 2075 371 2141 amioon
422 2074 554 2160 Ubique
578 2081 690 2140 autem
719 2082 854 2140 senatus
884 2075 1017 2142 videtur
1045 2076 1195 2140 aDione
1228 2082 1314 2140 stare

146 2184 202 2270 [oi.
227 2204 272 2248 or.
298 2183 351 2262 48,
376 2183 429 2262 49,
455 2184 519 2266 50].
569 2182 749 2258 Quaeritur
777 2204 877 2260 nuno,
903 2183 984 2269 quid
1020 2183 1062 2248 sit
1084 2189 1187 2271 βῆμα,
1224 2182 1314 2267 quod

143 2290 306 2355 Reiskius
345 2289 385 2355 de
427 2289 577 2381 ἐκκλησίᾳ
615 2289 871 2375 intelligendum
906 2311 977 2355 esse
1010 2290 1123 2356 voluit.
1176 2289 1314 2354 Cautius

143 2398 299 2462 dicemus
325 2397 437 2482 aliqua
460 2397 522 2463 hae
545 2418 626 2464 voce
651 2397 758 2462 notari
782 2397 915 2474 iudicia,
941 2419 1026 2482 quae
1044 2419 1113 2462 non
1129 2397 1205 2461 licet
1220 2417 1314 2461 aceu-

142 2504 253 2570 ratius
276 2503 470 2570 describere⁴

255 2612 329 2678 Hoc
353 2618 466 2677 autem
482 2618 570 2677 certo
589 2619 727 2698 apparet
751 2633 793 2676 ex
816 2610 868 2676 his
883 2609 994 2677 verbis
1018 2610 1224 2677 adversarios
1241 2611 1314 2675 illos

142 2741 218 2784 non
245 2724 376 2784 tantum
406 2719 548 2804 publicis
581 2720 700 2784 Dionis
732 2719 916 2784 rationibus
950 2740 984 2782 se
1019 2718 1224 2803 opposuisse,
1256 2717 1314 2782 sed

142 2827 249 2892 etiarn
273 2825 387 2891 litibus
410 2833 526 2892 contra
549 2827 696 2912 privatos
722 2826 859 2890 intentis
883 2831 998 2891 contro
1025 2846 1104 2890 eum
1135 2846 1311 2911 pugnasse.

255 2933 372 3020 Neque
396 2934 491 2999 aliter
513 2933 732 2999 iudicandum
757 2940 805 2999 est
829 2933 980 2998 deloco:

254 3041 307 3120 43,
321 3044 350 3106 6.
368 3042 396 3105 7.
444 3041 475 3128 2)
500 3037 534 3110 εὖ
559 3044 585 3109 δ
610 3049 685 3119 ἴστε,
720 3041 770 3108 ὅτι
803 3050 911 3110 ταῦτα
942 3044 1070 3109 ποιοῦσι
1101 3053 1157 3108 καὶ
1189 3044 1314 3122 λέγουσι

141 3151 366 3239 βαρυνόμενοι
389 3151 450 3235 τήν
472 3150 555 3236 δμὴν
577 3148 756 3236 ἐπιδημίαν
773 3152 814 3216 δι’
839 3149 919 3215 ἄλλο
935 3156 998 3234 μὲν
1021 3142 1140 3216 oddo·
1162 3143 1236 3216 orire
1252 3145 1314 3237 γάρ

143 3254 304 3344 ἰνεδρεδιο
327 3253 402 3326 τινα
419 3264 485 3325 τῶν
508 3260 652 3324 πολιτῶν
669 3255 737 3323 οὔτ’
763 3258 916 3347 α’ργύριον
932 3253 1094 3341 λαμβάνω
1117 3255 1212 3344 παρά
1229 3279 1315 3329 τινος

143 3366 221 3434 οὔτε
245 3365 454 3449 δασμολογεῖν
477 3363 604 3450 ἕτοιμός
637 3371 704 3450 εἰμι
740 3362 800 3452 τήν
822 3361 934 3450 χώραν
969 3360 1029 3449 τήν
1051 3366 1212 3453 ὑμετέραν
1247 3362 1315 3430 οὔτ’

142 3476 182 3541 ἒν
209 3471 248 3570 τῇ
280 3465 386 3561 α’γορᾷ
415 3483 581 3558 φαίνομαί
600 3499 664 3538 τινι
690 3469 822 3560 δχληρᾶς
839 3493 845 3504 ·
864 3472 902 3537 οδ
925 3472 988 3559 γάρ
1011 3477 1076 3556 εἶμι
1100 3462 1313 3558 ῥήτωροδδὲ

143 3584 242 3648 εἷπον
255 3575 339 3668 δπὲρ
351 3578 482 3657 οὐδενὸς
499 3578 599 3665 ἢὲνδς
611 3579 999 3669 οἷνθραλπουδυστυχοιῗς.
1015 3629 1020 3641 .
1037 3629 1042 3640 .
1059 3629 1064 3640 .
1082 3629 1087 3640 .
1104 3577 1132 3640 7.
1158 3577 1260 3661 ἄλλην
1278 3578 1314 3643 δὲ

143 3687 307 3771 οὐδεμίαν
323 3693 434 3774 εἴρηκα
458 3689 559 3773 δίκην,
586 3685 668 3752 ὥστε
692 3689 732 3753 δι’
759 3688 855 3753 οὐδὲν
877 3688 985 3754 οδδενῑ
1006 3683 1110 3773 βαρύς
1132 3691 1197 3769 εἰμι
1218 3705 1223 3715 ·
1242 3685 1312 3750 ἄλλ’

142 3802 212 3872 ἵνα,
236 3795 297 3861 δάν
320 3821 401 3861 ποτε
423 3803 558 3879 γένηται
582 3792 702 3882 καιρδς,
730 3790 801 3861 οἷον
824 3789 980 3878 εὔχονταί
993 3819 1087 3869 τινες,
1112 3790 1221 3878 ὅμοιος
1245 3797 1313 3857 ταῖν

142 3901 411 3992 πρότερονόἷος
428 3903 484 3968 οὐκ
508 3901 600 3968 ι’·’συαι
619 3922 624 3934 ’
644 3902 732 3987 πλήν
767 3905 798 3966 εἰ
821 3911 956 3983 γένοιτο,
987 3905 1043 3967 ἵνα
1077 3895 1121 3986 μή
1146 3904 1245 3987 παρῶ
1268 3900 1314 3988 τῷ

145 4084 462 4094 —-—------.--..

255 4228 327 4294 43,u.
365 4229 389 4277 3.
409 4221 545 4292 ἐνεδρεύω.
566 4217 713 4291 συνεδριύω
732 4221 772 4274 Μ.
804 4225 827 4273 5.
848 4217 887 4271 οδ.
916 4237 962 4271 σου
982 4219 1021 4272 Μ.
1060 4221 1083 4271 7.
1104 4224 1129 4276 2,
1158 4215 1251 4287 βαρύς,
1270 4222 1314 4283 βα-

142 4321 200 4388 ρεῖς
220 4315 260 4370 Μ.
297 4318 320 4368 3.
340 4311 432 4386 ὅμοιος
452 4312 558 4366 Selden.
578 4328 598 4365 r.
619 4308 691 4380 ὅμως
715 4311 792 4379 [mrg.
819 4307 927 4380 δμοίως]
947 4309 985 4362 M.
1005 4305 1103 4378 ὁμοίως
1130 4307 1161 4360 Β.
1182 4324 1207 4363 v.
1227 4324 1260 4360 m.
1281 4337 1312 4343 -

141 4413 212 4462 τῶν,
230 4410 267 4474 τῷ
286 4404 393 4460 selden,
431 4407 455 4456 4.
474 4395 538 4462 οἷος.
559 4393 599 4459 οἷς
617 4401 653 4454 B.
674 4429 705 4439 -
726 4405 812 4470 παρῶ,
832 4396 905 4468 παρα
925 4404 963 4469 τῷ
983 4397 1022 4453 Μ.
1045 4403 1071 4455 ὃ,
1091 4399 1116 4449 οἱ
1134 4413 1185 4450 om.
1206 4396 1255 4464 M.,
1268 4396 1314 4448 sed

140 4499 171 4551 in
192 4510 296 4548 rasura.
334 4499 358 4550 6,
377 4493 560 4562 συναλγοῦντα
580 4492 612 4547 Β,
633 4491 671 4544 Μ.
692 4505 760 4557 mrg.
780 4506 815 4546 m,
835 4490 1014 4539 συναλίσαντα
1029 4486 1085 4554 rei,
1100 4487 1170 4540 unde
1183 4481 1313 4553 συναλγή-

140 4603 228 4640 σοντα
239 4583 347 4638 Reiske.
377 4583 403 4636 7.
419 4579 493 4652 ἤπερ.
505 4577 592 4650 ὥσπερ
603 4581 635 4634 Β.
647 4579 687 4636 Μ.
696 4609 714 4619 -
740 4580 813 4631 εἰσὶν.
825 4579 889 4631 εἰσὶν
901 4575 1051 4634 εὐνοοῦντες
1065 4581 1096 4646 τῇ
1109 4573 1191 4628 πόλει.
1205 4572 1313 4628 Reisko.
