3234 5312
640 307 860 378 -23-

164 505 291 572 riorum
330 505 573 591 malignitatem
601 504 760 589 depingit.
824 502 888 569 Sed
931 502 1118 568 notaverim
1159 502 1227 566 iam
1266 521 1335 566 non

167 616 209 682 de
234 636 321 680 uno
344 633 443 698 opere
468 612 498 698 [ξ
521 614 541 676 5
565 611 657 701 ἔργον
680 608 789 697 τινόςΙ,
815 609 874 676 sed
897 609 938 675 de
961 609 1114 695 pluribus
1137 631 1215 674 eum
1231 609 1334 693 loqui,

168 742 314 808 quorum
339 726 493 805 sumptus
509 719 562 786 vel
578 718 664 783 ultro
685 717 758 806 [ξὸ]
783 718 836 784 vel
861 739 902 782 ex
925 716 1114 802 plebisscito
1139 717 1188 800 [ot.
1213 716 1335 794 48,11:

166 826 237 899 υἷπδ
260 835 329 897 τοῖν
352 825 579 911 βουλευτικῶν]
605 825 693 892 cives
717 825 871 890 nonnulli
895 823 958 889 sibi
989 823 1215 900 iniunxerant,
1251 844 1335 908 quos

168 937 211 1003 ab
235 934 434 1002 aduersariis
457 932 623 1018 impediri,
648 932 830 1018 quominus
865 931 1030 1017 promissa
1060 931 1235 1010 solverent,
1271 930 1335 994 Dio

168 1044 328 1130 queritur.
535 1054 537 1056 ’

274 1149 392 1226 40,15.
445 1147 494 1235 10)
518 1148 568 1212 Ι)ε
591 1147 663 1212 loeo
686 1146 794 1225 40,15
825 1149 901 1231 ἐμοί
927 1175 962 1216 τε
990 1158 1162 1234 παρέσχεν,
1195 1141 1243 1216 οἷν
1271 1147 1333 1229 trel

166 1259 307 1345 ἐδεόμην
329 1278 360 1321 v.
387 1277 489 1341 supra
510 1277 565 1340 pg.
591 1257 619 1320 6.

273 1471 315 1536 ΙΙ.
363 1469 558 1534 Orationem
582 1469 635 1546 45,
660 1473 698 1533 ut
720 1467 763 1532 ad
788 1489 839 1532 res
855 1468 1074 1533 Prusensium
1090 1466 1336 1553 pernoscendae

166 1578 282 1663 magni
306 1576 478 1654 momenti,
503 1575 549 1640 ita
572 1575 749 1640 obscuram
774 1596 844 1640 esse
868 1580 900 1640 et
916 1573 1007 1639 haud
1024 1573 1125 1640 dubie
1141 1574 1336 1660 corruptelis

164 1686 315 1752 laborare
339 1683 407 1748 iam
440 1704 541 1768 supra
573 1681 808 1747 demonstravi.
856 1681 960 1746 Cuius
994 1681 1152 1747 orationis
1187 1687 1336 1747 extrema

165 1815 244 1878 pars
267 1791 342 1877 ἐξ
370 1792 407 1854 12
440 1811 548 1875 usque
583 1789 625 1856 ad
658 1790 761 1854 finem
793 1789 951 1854 orationis
982 1787 1123 1854 tendens
1153 1788 1222 1853 iam
1252 1788 1335 1852 mihi

169 1897 370 1964 illustranda
393 1903 452 1975 est,
477 1897 513 1961 in
536 1918 605 1982 qua
627 1896 692 1962 Dio
716 1895 757 1962 de
781 1895 899 1961 studiis
933 1896 1002 1962 suis
1027 1894 1211 1962 exornandi
1234 1901 1335 1981 atque

166 2005 314 2092 augendi
345 2002 460 2090 oppidi
491 2003 658 2089 loquatur,
683 2024 761 2068 eum
785 2003 825 2068 de
848 2003 919 2068 loco
950 2003 1033 2088 §3:
1068 2002 1138 2070 ἄλλ’
1157 2001 1253 2071 ἅπαν
1284 2023 1332 2088 sq.

162 2115 234 2179 iam
289 2133 391 2197 supra
437 2111 561 2196 egerim
606 2111 669 2197 [pg.
696 2109 737 2196 θλ.
789 2110 906 2195 Itaque
945 2109 1080 2174 initium
1118 2109 1281 2176 faciamus
1315 2131 1336 2174 a

171 2225 191 2303 ξ
218 2221 258 2285 12
282 2219 409 2285 verbis:

270 2345 386 2422 4512.
437 2343 465 2430 1)
495 2345 643 2431 ἐλύπησα
668 2345 704 2410 δὲ
728 2345 764 2412 ἰν
787 2361 851 2418 τοῖς
882 2343 983 2432 ἔργοις
1010 2338 1070 2430 τήν
1099 2343 1205 2410 πόλιν.
1260 2355 1335 2429 ιτερλ

161 2456 199 2521 δὲ
222 2451 355 2528 τούτων,
392 2449 434 2530 οἷς
463 2452 598 2534 ἐγένετο,
634 2452 793 2530 πολλάκις
828 2453 1011 2538 α’κηκόατε·
1028 2453 1078 2518 δεῖ
1110 2453 1146 2518 di
1181 2461 1237 2518 καὶ
1271 2458 1330 2519 νῦν

158 2568 234 2639 ἴσως
251 2562 453 2645 ἀναμνῆσαι.
494 2559 556 2641 ἐγώ
581 2559 653 2646 yde,
672 2557 798 2646 ἄνδρες,
824 2559 860 2625 τὸ
877 2565 940 2644 μὲν
955 2559 1140 2638 βούλεσθαι
1156 2558 1215 2644 τήν
1231 2554 1330 2625 πόλιν

159 2684 292 2753 κοσμεῖν
315 2677 371 2732 καὶ
387 2667 644 2744 κατασκευάζειν
667 2663 711 2751 μή
728 2666 831 2752 μόνον
855 2683 964 2745 στοαῖς
995 2677 1051 2733 καλ
1074 2665 1204 2742 ὕδασιν,
1231 2663 1328 2743 οἷλλυλ,

158 2782 192 2842 εἰ
215 2771 359 2842 δυνατόν
382 2767 432 2859 ἤν,
458 2781 515 2840 καλ
538 2785 655 2852 τείχεσι
680 2785 736 2839 καλ
759 2776 864 2858 λιμέσι
887 2785 943 2841 καλ
967 2785 1116 2864 νεωρίοις,
1142 2769 1298 2859 ὅμολσγῶ.

270 2905 314 2977 ,at
336 2896 492 2983 operibus
528 2897 653 2962 civitati
687 2897 923 2962 detrimentum
959 2898 1064 2964 attuli.
1113 2899 1217 2976 Quae,
1251 2918 1329 2983 quo-

159 3006 262 3072 modo
286 3005 473 3083 laetasint,
499 3025 575 3068 oum
601 3025 698 3090 saepe
722 3004 927 3080 audiveritis,
963 3011 1075 3070 tamen
1108 3026 1199 3070 nuno
1229 3005 1330 3069 etiam

160 3115 283 3179 reterre
307 3133 441 3177 neeesse
464 3117 522 3177 est.
570 3113 681 3197 Atque
705 3111 860 3191 concedo,
884 3134 904 3177 o
929 3112 1027 3190 cives,
1052 3133 1106 3176 me
1130 3112 1214 3178 velle
1238 3112 1329 3197 oppi-

161 3221 243 3288 dum
270 3220 423 3286 exornari
447 3229 479 3284 et
501 3219 622 3284 instrui
654 3242 723 3284 non
746 3219 855 3284 solum
879 3219 1061 3305 porticibus
1085 3226 1117 3284 et
1140 3220 1247 3304 aquis,
1272 3218 1331 3284 sed

164 3329 276 3406 etiam,
303 3328 330 3392 si
354 3327 425 3392 fieri
449 3333 569 3412 posset,
593 3327 779 3406 moenibus
797 3327 977 3424 'portubus
1002 3326 1199 3392 navalibus’

269 3453 438 3518 Diseimus
472 3452 575 3537 igitur
605 3452 749 3518 Dionem
784 3451 978 3538 saepissime
1015 3451 1056 3516 de
1089 3451 1245 3537 operibus
1278 3474 1329 3518 ex-

160 3560 331 3627 struendis
355 3559 458 3626 verba
481 3559 597 3624 fecisse
628 3559 677 3645 [ol.
702 3560 756 3638 40,
770 3558 799 3646 5]
826 3565 858 3624 et
890 3558 972 3625 adeo
1007 3559 1116 3624 studio
1146 3558 1329 3624 exornandi

160 3667 278 3754 oppidi
303 3667 505 3752 flagravisse,
531 3672 569 3731 ut
591 3665 725 3745 doleret,
751 3666 841 3752 quod
876 3666 946 3731 fieri
982 3689 1049 3732 non
1086 3666 1256 3751 potuisset,
1293 3673 1331 3731 ut

160 3775 352 3854 moenibus
378 3774 551 3860 portubus
576 3773 752 3840 navalibus
776 3773 940 3860 oppidum
963 3774 1195 3852 instrueretur,
1215 3795 1330 3838 name

164 3882 253 3948 mari
276 3883 383 3947 Prusa
406 3880 448 3948 ad
473 3881 657 3967 Olympum
690 3882 752 3946 sita
775 3881 898 3968 partim
921 3880 1175 3966 Apamensium,
1207 3881 1330 3966 partim

162 3990 348 4055 Cianorum
371 3988 495 4054 finibus
516 3988 748 4054 secludebatur
774 3989 823 4076 [ol.
840 3989 894 4067 40,
906 3988 970 4074 30].
1017 3989 1134 4074 Itaque
1151 3987 1332 4074 cogebatur

161 4097 244 4164 satis
263 4096 385 4162 habere
401 4095 524 4182 oppido
540 4096 688 4181 porticus
706 4097 756 4179 [el.
774 4096 830 4174 47,
848 4097 895 4161 19.
943 4096 997 4175 40,
1012 4098 1032 4160 9
1055 4101 1121 4163 τῶν
1134 4094 1268 4163 κιόνων.
1283 4148 1288 4160 .
1302 4146 1328 4161 ..

161 4211 347 4291 ἱσταμένων
381 4207 457 4273 οὐδὲ
491 4211 559 4272 τοῖν
590 4205 714 4288 γείσιον]
752 4209 784 4268 et
807 4225 912 4290 aquas
945 4203 1086 4289 exigere,
1123 4202 1180 4268 sed
1215 4225 1256 4268 ne
1292 4225 1331 4269 ea

272 4521 605 4594 mmamam
