3234 5312
557 1421 599 1508 O.
642 1423 706 1506 Ile
733 1423 891 1506 Dionis
918 1423 1200 1507 adversariis.

400 1617 558 1686 Vidimus
592 1619 786 1705 saepissime
814 1620 851 1684 in
880 1619 933 1685 his
958 1619 1170 1706 orationibus
1199 1627 1314 1686 contra
1346 1621 1459 1687 adver-

293 1727 397 1793 sarios
432 1725 524 1811 loqui
556 1725 709 1805 Dionem,
735 1747 819 1812 quos
852 1725 1015 1792 conducet
1047 1727 1233 1792 accuratius
1262 1727 1325 1792 hoc
1352 1728 1459 1814 capite

294 1833 493 1899 examinare.
541 1832 652 1918 Atque
676 1832 853 1918 praemitto
876 1831 1069 1898 inimicitias
1100 1832 1172 1898 illas
1197 1833 1328 1899 duobus
1362 1835 1461 1920 quasi

295 1939 445 2006 terminis
472 1939 608 2018 includi,
633 1960 713 2004 uam
737 1945 775 2004 ut
798 1960 838 2004 ex
862 1940 1009 2006 oratione
1033 1939 1086 2018 44,
1105 1940 1217 2026 prima
1240 1941 1297 2006 illa
1312 1941 1461 2006 oratione

294 2043 482 2133 Bithynice,
507 2046 665 2112 discimus
700 2068 868 2111 summam
900 2046 1111 2112 concordiam
1142 2047 1345 2114 intercedere
1374 2049 1463 2113 inter

294 2154 436 2220 Dionem
462 2153 617 2239 civesque
644 2155 693 2236 [cf.
718 2153 803 2232 44,1.
830 2156 859 2218 2.
885 2156 914 2218 5.
948 2151 992 2238 ol,
1026 2155 1072 2220 ita
1094 2155 1129 2218 in
1159 2155 1307 2221 oratione
1330 2156 1372 2220 48
1397 2155 1462 2221 Dio

295 2261 384 2327 cives
395 2259 560 2346 quosdam
568 2259 750 2325 defendens
758 2282 826 2324 non
840 2259 948 2325 solum
960 2260 1212 2327 inimicitiarum
1220 2261 1283 2327 sibi
1292 2262 1460 2327 illatarum

294 2367 498 2433 mentionem
524 2388 591 2432 non
625 2367 713 2446 facit,
746 2367 805 2432 sed
836 2367 936 2432 etiam
967 2367 1056 2434 cives
1087 2367 1291 2447 adhortatur,
1326 2391 1368 2434 ne
1397 2370 1464 2455 ipsi

295 2481 443 2562 parcant,
468 2496 546 2540 curn
562 2473 635 2539 aliis
652 2495 686 2539 se
709 2475 868 2560 praeferri
891 2474 974 2541 nolit
1000 2475 1126 2561 palu.
1160 2476 1206 2541 At
1228 2476 1392 2542 orationes
1407 2477 1463 2555 40,

296 2583 349 2660 43,
374 2582 427 2660 45,
451 2581 493 2645 47
525 2581 643 2666 plenae
674 2586 752 2646 sunt
779 2581 1003 2667 querellarum
1033 2583 1074 2646 de
1107 2581 1371 2648 adversariorum
1395 2605 1464 2648 ma·

297 2688 458 2775 lignitate.
506 2688 572 2754 Sed
594 2689 661 2753 iam
685 2687 818 2772 singula
840 2673 1068 2773 inspiciamus.

403 2921 427 2985 I.
464 2921 550 2998 40‚1.
590 2922 622 3008 l)
646 2919 696 2986 tu
719 2932 775 2988 καὶ
799 2922 937 3002 πολλοὺς
961 2921 1026 3012 aad
1041 2974 1046 2985 .
1062 2975 1068 2987 .
1085 2974 1090 2985 .
1107 2930 1183 3009 ,τῆς
1205 2929 1284 3013 παρ’
1309 2927 1384 3010 ὑμῖν
1408 2951 1466 2991 πο-

300 3030 419 3108 λιτείας
442 3029 613 3118 ἐμπείρους
636 3023 744 3108 ὄντας,
779 3030 851 3115 (ἐμὲ
882 3031 918 3096 δὲ
941 3031 1137 3097 ὑπώπτευον
1156 3051 1161 3062 ·
1179 3026 1216 3096 το
1246 3031 1309 3120 γοὶρ
1339 3031 1468 3118 ἀληθὲς

300 3136 460 3224 εἰρήσεται
479 3132 711 3225 ’βαρύνεσθαί
729 3161 822 3215 τινας
846 3138 887 3216 οἷς
912 3141 1002 3215 ξένον
1025 3145 1082 3202 καὶ
1105 3135 1282 3226 περιττόν).

412 3240 510 3319 ,Quia
533 3241 656 3306 multos
679 3240 797 3306 video.
815 3241 1077 3327 ...reipublicae
1101 3249 1229 3308 vestrae
1253 3244 1376 3328 peritos
1400 3243 1469 3327 (me

301 3354 413 3413 autem
436 3353 628 3433 suspectum
653 3347 822 3413 habentes.
870 3349 1112 3442 Verumcnim
1136 3349 1264 3414 fatebor
1287 3351 1469 3417 nonnullos

302 3477 356 3520 me
380 3461 417 3520 ut
439 3454 605 3540 hospitem
630 3461 662 3519 ot
684 3461 936 3540 praepotentem
958 3454 1096 3521 moleste
1120 3456 1234 3543 seriel?

409 3561 482 3640 Dio,
500 3568 679 3646 postquam
703 3562 866 3646 exposuit,
884 3583 943 3626 cur
959 3583 1029 3627 rem
1045 3562 1214 3648 publicam
1234 3562 1470 3632 administrare

304 3668 465 3734 noluisset
501 3667 622 3755 [videre
656 3668 745 3732 enim
776 3689 810 3733 se
840 3669 963 3734 multos
994 3669 1073 3735 huic
1107 3669 1154 3734 rei
1187 3671 1398 3756 aptissimosl,
1428 3681 1471 3739 ut

304 3774 519 3862 parenthesin
542 3775 725 3861 interponit
747 3776 829 3841 haec
852 3775 963 3854 verba,
996 3798 1082 3861 quae
1105 3777 1141 3841 in
1164 3778 1360 3845 universum
1384 3780 1470 3846 indi-

304 3889 382 3950 cant
417 3890 609 3968 suspectum
645 3905 681 3948 se
714 3905 785 3948 esse
815 3883 954 3949 civibus.
1013 3883 1131 3949 Statim
1162 3892 1275 3951 autem
1314 3887 1473 3974 adiungit

303 4011 373 4056 non
396 3990 552 4055 omnibus
586 4011 621 4055 se
651 3989 833 4076 displicere,
866 3990 923 4056 sed
956 3991 1159 4078 quibusdam
1189 3999 1227 4057 ut
1253 3995 1472 4079 peregrinum

306 4103 338 4164 et
360 4103 620 4183 praepotentem.

411 4204 495 4282 40,8.
544 4201 575 4292 2)
599 4205 690 4289 λόγοι
708 4208 743 4273 δὲ
766 4207 927 4289 ἐγίγνοντο
944 4210 1056 4274 πολλοὶ
1071 4214 1142 4292 μὲν,
1159 4200 1197 4276 od
1219 4211 1312 4298 παραὶ
1337 4214 1475 4278 πολλῶν

308 4314 344 4379 δὲ
367 4323 424 4380 καὶ
448 4309 571 4399 σφόδρα
589 4314 709 4399 cindato,
728 4315 770 4393 οἷς
786 4310 1009 4381 κατασκάπτω
1024 4309 1084 4400 τήν
1100 4315 1206 4393 πόλιν,
1224 4317 1266 4394 ὥς
1282 4316 1476 4386 ἀνάστατον

308 4432 472 4506 πεποίηκα
497 4421 611 4504 σχεδον
642 4422 824 4498 ἐξελαύνων
847 4420 920 4501 τούς
942 4425 1086 4502 πολίτας,
1112 4423 1154 4501 οἷς
1170 4421 1329 4520 ἀνῄρηται
1344 4426 1475 4503 πάντα,

308 4535 508 4612 συγκέχυται,
534 4529 652 4596 λοιπόν
675 4528 771 4596 οὐδέν
794 4529 888 4594 ἐστιν.
913 4541 973 4594 καί
992 4553 1075 4604 τινες
1100 4521 1184 4617 ἦσαν
1207 4537 1236 4596 οἴ
1248 4531 1374 4616 σφόδρα
1398 4525 1478 4602 o’dv·
