3234 5312
765 321 985 386 ..26-

294 515 444 586 lumenta
467 517 595 583 civitati
618 517 744 582 oritura
768 537 839 584 esse
862 517 927 582 Dio
952 517 1128 584 existimat.
1165 514 1393 581 Nihilominus
1417 514 1456 580 de

293 622 403 688 studio
436 623 502 701 illo,
536 646 604 710 quo
636 625 783 690 maxime
816 623 1009 701 ducebatur,
1049 624 1170 688 iterum
1203 629 1303 708 atque
1335 622 1457 686 iterum

292 730 395 795 verba
417 731 560 797 faciebat
583 753 721 818 sperans
744 732 857 798 futuro
874 731 1021 817 quodam
1045 737 1193 816 tempore
1210 729 1310 795 deum
1332 729 1457 796 civitati

291 837 506 922 provisurum
530 859 609 905 csse.

397 945 505 1023 45,15.
552 946 585 1033 4)
608 944 682 1014 τότε
707 940 796 1016 δὀδν
810 953 867 1016 τοῦ
882 943 1038 1033 ἡγεμόνος
1055 949 1235 1032 δεξαμένου
1257 944 1293 1012 τό
1317 952 1454 1035 προῖγμα

292 1050 391 1133 τυχόν
419 1061 481 1138 μὲν
505 1056 544 1121 δι’
574 1053 669 1140 ἡμεῖς,
702 1061 776 1135 ἴσως
808 1057 844 1122 δὲ
876 1065 932 1121 καὶ
963 1056 1004 1121 δι’
1033 1052 1100 1139 ἐμὲ,
1131 1064 1187 1121 καὶ
1216 1050 1456 1136 συναγαγόντος

290 1160 463 1246 ἐκκλησίαν
509 1154 548 1229 ori
589 1164 777 1250 προειδότος
808 1160 889 1248 ἴμοδ
918 1172 975 1228 καὶ
1007 1173 1080 1250 περὶ
1120 1161 1245 1228 τούτοιν
1277 1160 1455 1244 ἀναγιγνω-

290 1289 426 1346 σκονιος,
460 1269 516 1336 οὐκ
540 1252 712 1356 η’δυνὴθην
740 1268 802 1356 τὴν
824 1267 963 1355 ἡσυχίαν
992 1268 1094 1351 ἄγειν,
1126 1269 1197 1336 ἀλλ’
1230 1270 1371 1354 ἀνέστην
1400 1279 1456 1334 καὶ

289 1371 523 1453 συνεβούλευσα
547 1384 605 1442 καὶ
627 1374 840 1464 ἐνεδειξάμην
862 1393 928 1456 τοῖς
950 1378 1102 1459 οἷγνοσδσι
1124 1377 1160 1442 ad
1185 1382 1333 1464 προῖγμα.

398 1481 525 1567 ,Neque
543 1503 621 1548 vero
634 1488 716 1561 tum,
731 1504 809 1547 cum
825 1482 1004 1568 proconsul
1020 1504 1091 1547 rem
1107 1489 1298 1568 susceperat
1316 1483 1455 1546 fortasse

288 1594 407 1666 vestra,
432 1588 570 1654 fortasse
594 1611 670 1655 mea
692 1590 800 1674 gratia
823 1596 855 1655 et
877 1589 1066 1656 contionem
1092 1612 1145 1654 me
1169 1589 1273 1654 inscio
1297 1609 1456 1656 convoca·

288 1700 383 1760 verat
399 1702 431 1760 et
447 1695 488 1760 de
504 1696 545 1762 iis
561 1697 661 1762 rebus
678 1697 812 1782 legerat,
830 1697 999 1762 silentium
1016 1718 1114 1782 agere
1130 1696 1233 1782 potui,
1252 1696 1310 1762 scd
1326 1696 1456 1762 surrexi

288 1808 322 1866 et
345 1803 497 1868 consului
522 1810 554 1868 et
576 1804 809 1889 ignorantibus
832 1826 903 1870 rem
926 1804 1173 1870 demonstravi’

393 1910 475 1987 Iam,
505 1932 583 1977 cum
606 1918 796 1997 quaeratur,
821 1911 985 1997 quidnam
1009 1911 1109 1977 fuerit
1130 1911 1166 1979 τό
1192 1916 1330 2002 πρᾶγμα
1360 1911 1456 1990 illud,

289 2017 329 2083 de
353 2039 420 2103 quo
445 2018 509 2083 Dio
532 2017 690 2104 loquitur,
715 2025 850 2105 putares
868 2017 1116 2105 synoecismum
1139 2019 1251 2104 paullo
1268 2025 1345 2084 ante
1368 2040 1456 2084 com-

287 2132 510 2190 memoratum
542 2125 731 2212 significari,
749 2126 813 2191 nisi
830 2126 1001 2192 obstarent
1023 2127 1127 2192 verba
1149 2123 1173 2192 δι’
1197 2133 1242 2194 εἴ
1257 2147 1365 2194 ποτε
1388 2138 1455 2209 γέ-

287 2260 410 2300 νοιτο
434 2255 482 2318 sq.
530 2233 649 2318 Itaque
673 2233 866 2300 referendus
890 2240 941 2299 est
963 2234 1055 2299 locus
1079 2232 1121 2298 ad
1146 2255 1194 2312 ea,
1219 2255 1306 2320 quae
1330 2233 1393 2297 Dio
1417 2233 1454 2298 in

287 2339 310 2425 ξ
336 2341 375 2404 12
400 2340 555 2425 exposuit
580 2339 626 2424 [ed
649 2349 711 2427 μὲν
732 2343 918 2422 βούλεσθαι
942 2343 1002 2428 τὴν
1026 2340 1124 2409 πόλιν
1140 2359 1270 2428 κοσμεῖν
1284 2351 1339 2409 καὶ
1355 2369 1454 2407 κατα-

286 2445 476 2530 σκευόζοιν],
503 2447 594 2532 quod
618 2447 853 2534 comprobatur
877 2455 1068 2533 comparato
1092 2448 1155 2513 hoc
1184 2447 1256 2513 loco
1286 2469 1362 2512 cum
1393 2446 1451 2512 illo

286 2553 616 2632 orationis401000,
644 2576 747 2639 quem
772 2576 873 2640 supra
902 2554 1066 2621 illustrari
1092 2555 1160 2638 [τοῦ
1182 2556 1336 2643 ἡγεμόνος
1360 2554 1450 2633 δεξα·

283 2673 382 2748 μένου
397 2663 433 2728 τό
451 2670 588 2752 πρᾶγμα
610 2700 648 2708 -
662 2663 738 2739 40,5
755 2662 821 2731 τῶν
832 2659 997 2750 ἡγεμόνοιν
1015 2665 1275 2731 ἐσπουδακότων.
1301 2669 1374 2743 ἴσως
1388 2671 1451 2748 μὲν

284 2771 319 2836 δῖ
339 2767 437 2852 ἡμᾶς,
462 2775 534 2844 ἴσως
552 2771 659 2837 δὲκαὶ
685 2772 726 2837 δι’
751 2771 810 2854 ἐμὲ
833 2807 876 2816 -
899 2770 991 2848 40,5:
1016 2777 1090 2849 ἴσως
1112 2777 1174 2856 μὲν
1205 2773 1291 2857 ἡμῖν,
1317 2777 1389 2849 ἴσως
1413 2769 1449 2837 δὲ

283 2879 383 2963 κοῖμοῑ
406 2881 607 2964 χαρίζεσθαι
622 2881 831 2960 βουλομένων
861 2883 893 2942 et
916 2878 956 2942 cf.
982 2899 1116 2964 quoque
1140 2877 1382 2960 cula-4051,
1412 2883 1451 2941 ut

284 2983 352 3048 iam
377 2981 522 3048 dubitari
538 3005 606 3048 non
623 2983 736 3068 possit,
762 2985 844 3070 quin
868 2986 905 3052 τό
923 2985 1059 3074 πρᾶγμα
1077 2984 1159 3049 iliud
1178 2983 1268 3050 idem
1291 2984 1334 3049 sit
1349 2990 1450 3069 atque

287 3087 324 3158 τό
349 3089 441 3180 ἔργον
464 3090 505 3156 (1ο
529 3112 596 3175 quo
621 3091 685 3156 Dio
709 3092 745 3156 in
770 3091 919 3157 oratione
942 3092 985 3157 40
1009 3091 1112 3157 verba
1134 3092 1222 3156 facit.
1258 3092 1376 3176 ltaque
1400 3113 1448 3170 ea,

286 3219 373 3282 quae
397 3198 609 3263 exoratione
639 3199 683 3264 40
707 3197 927 3277 discebamus
962 3198 1146 3264 admodum
1177 3199 1448 3285 comprobantur,

285 3327 365 3370 cum
381 3305 445 3370 Dio
463 3304 551 3370 dicat
567 3306 801 3392 proconsulem
817 3327 951 3392 quoque
976 3306 1023 3371 rei
1047 3306 1223 3385 studuisse,
1249 3307 1449 3392 quinetiam

285 3412 393 3478 Dione
417 3413 522 3478 inscio
552 3413 742 3480 contionem
772 3436 792 3478 a
822 3413 1020 3499 proconsule
1050 3420 1267 3480 convocatam
1298 3435 1378 3492 esse,
1413 3414 1449 3478 in

192 3565 194 3568 -
285 3542 353 3605 qua
376 3520 440 3585 Dio
464 3519 594 3586 civibus
618 3542 688 3586 rem
710 3521 872 3606 exposuit.

389 3629 497 3707 45,16.
547 3628 578 3714 5)
608 3640 664 3696 nai
694 3627 777 3715 μετα
801 3635 910 3696 ταῦτα
936 3632 995 3710 οδχ
1019 3633 1036 3695 ό
1053 3638 1115 3714 μὲν
1139 3630 1241 3714 δὴμος
1265 3632 1355 3715 ἡμεῖς
1379 3629 1448 3696 έπε-

283 3733 455 3820 δυμὴσατε
482 3740 549 3804 τῶν
579 3736 697 3824 ἴργων;
729 3741 795 3805 τῶν
824 3739 861 3804 δὲ
888 3735 923 3805 ἓν
955 3740 1048 3814 τέλει,
1084 3749 1132 3816 τίς
1168 3738 1341 3816 οἴντεῑπεν;
1374 3738 1450 3805 οὐδὲ

287 3842 422 3910 οἷντέῐπε
437 3849 508 3928 Ιμὲν
532 3845 647 3922 οὐδεὶς,
678 3845 717 3908 ori
742 3845 810 3930 μὴν
839 3846 1110 3934 προθυμούμενος
1139 3847 1261 3930 εόρέθη
1293 3853 1350 3912 καῖ
1377 3866 1449 3930 συμ·

285 3948 448 4038 πράττων,
475 3943 560 4018 ἆλλυῖ
585 3952 706 4026 πάντες
739 3954 782 4030 τός
813 3952 1009 4036 ἐπ’ἆγαδοῐς
1045 3945 1116 4020 οὖσι
1151 3963 1206 4018 καὶ
1237 3963 1451 4042 συμφέρουσιν
1502 4015 1506 4024 .

387 4186 478 4250 45,Ῑὸ.
519 4188 541 4240 1,
561 4189 676 4254 πρᾶγμα
695 4181 727 4235 Β.
748 4182 788 4236 Μ.
807 4180 969 4255 πρόσταγμα
989 4185 1037 4241 rel.
1074 4187 1098 4236 2.
1119 4181 1322 4254 συναγαγόντος
1340 4183 1451 4252 Pflugk.

279 4269 442 4341 συνάγοντος
460 4273 507 4326 rel.
545 4277 569 4326 3.
590 4270 699 4328 τούτων,
718 4278 811 4324 τοῦτον
829 4273 866 4330 Β,

384 4365 475 4430 rulo.
513 4367 537 4415 3.
558 4359 673 4418 ἀντεῖπε.
699 4359 836 4414 ἀντειπεῖν
855 4361 894 4415 Μ.
911 4393 943 4402 -
963 4357 994 4414 οὖ
1022 4360 1079 4434 μὴν
1097 4363 1137 4416 Μ.
1165 4363 1274 4431 Pflugk.
1294 4359 1325 4415 οδ
1342 4359 1399 4434 μὴν
1418 4361 1453 4414 οὗ

277 4450 324 4508 rel.
345 4447 376 4502 ori
394 4447 450 4520 μὴν
478 4448 540 4502 aridi
565 4467 636 4518 susp.
657 4451 734 4518 Emp.
773 4455 797 4504 5.
815 4448 910 4522 μόνον,
928 4450 1015 4522 μόνον
1047 4449 1115 4503 dits?
1135 4454 1179 4503 καὶ
1207 4454 1277 4523 έργηι
1301 4451 1455 4521 εὑρέθησαν

279 4540 391 4595 Reiske.
411 4538 501 4612 μόνον
520 4538 588 4592 crte
608 4543 652 4592 καὶ
670 4540 779 4610 Pflugk.
799 4572 832 4580 -
852 4547 1076 4612 συνεισφέροντες.
1095 4547 1299 4613 συνεκιγέροντες
1317 4543 1356 4599 Μ.
