3234 5312
267 1221 460 1308 Bithynicae
485 1223 603 1287 Dionis
627 1222 855 1308 Chrysostomi
879 1223 1044 1288 orationes
1067 1224 1130 1289 viri
1146 1223 1243 1302 docti,
1260 1225 1319 1310 qui

159 1329 408 1415 provinciarum
431 1330 660 1394 Romanarum
684 1329 857 1394 historiam
880 1331 1043 1414 persecuti
1067 1337 1154 1408 6661,
1187 1332 1319 1417 6666166

159 1436 385 1501 adhibuerunt
408 1442 440 1501 et
463 1443 619 1521 exparte
643 1437 901 1503 illustraverunt.
951 1435 1014 1501 Sed
1039 1437 1119 1522 quia
1134 1459 1202 1502 non
1219 1439 1319 1503 unius

159 1544 277 1609 Dionis
301 1544 369 1609 tata
395 1565 556 1622 enarrare,
587 1543 645 1608 sed
681 1543 876 1609 universum
911 1543 1158 1627 provinciarum
1195 1550 1318 1609 etatum

159 1651 325 1735 explicare
350 1651 538 1730 voluerunt,
563 1671 632 1715 non
656 1651 720 1714 nisi
744 1651 884 1735 carptim
909 1649 1089 1715 utebantur
1112 1651 1319 1716 documentis

159 1757 239 1822 satis
263 1757 545 1836 memorabilibus
578 1757 614 1820 in
637 1756 760 1842 quibus
791 1757 927 1822 historia
951 1757 1084 1834 Prusae,
1117 1758 1225 1842 qualis
1261 1780 1320 1844 per

159 1869 287 1929 certum
310 1864 469 1949 temporis
492 1864 639 1950 spatium
661 1863 770 1942 166611,
795 1863 881 1928 latet.

266 1971 377 2048 Quare
424 1971 600 2036 consilium
646 1977 695 2035 est
733 1971 834 2035 huius
873 1971 1112 2036 dissertationis
1150 1973 1318 2057 graviores

158 2079 283 2142 Prusae
307 2099 412 2156 casus,
438 2077 479 2142 (16
503 2078 626 2163 quibus
650 2079 722 2159 Dio
738 2098 890 2144 reversus
914 2100 955 2143 ex
979 2078 1093 2143 exsilio
1127 2079 1239 2164 egerit,
1274 2081 1320 2144 ita

159 2207 322 2264 enarrare,
347 2191 385 2250 ut
408 2207 463 2250 eos
486 2185 585 2264 locos
620 2184 743 2270 quibus
775 2184 816 2250 de
849 2185 990 2250 dioecesi
1013 2185 1180 2264 Prusensi,
1206 2187 1246 2251 (16
1270 2209 1319 2272 sy·

159 2291 337 2370 noecismo,
363 2291 403 2356 de
427 2290 653 2356 aedificiorum
678 2312 767 2369 6666,
800 2291 840 2356 (16
872 2291 1082 2370 factionibus,
1119 2293 1320 2378 quibuscum

159 2399 368 2464 dimicaverit
383 2399 457 2477 1)16,
483 2397 523 2463 (16
540 2397 718 2473 simultate,
736 2420 822 2484 6666
838 2399 925 2464 16166
943 2399 1084 2464 Prusam
1099 2400 1321 2465 intercesserit

161 2510 195 2570 61
217 2505 412 2590 Apameam,
451 2505 623 2591 explicem,
659 2526 869 2591 componam,
904 2505 985 2591 quid
1022 2526 1062 2570 ex
1093 2506 1133 2570 iis
1157 2507 1197 2571 de
1222 2507 1320 2572 rebus

161 2612 243 2697 ipsis
267 2611 535 2677 concludendum
550 2611 602 2690 611,
628 2634 802 2691 exponam.
850 2612 1004 2698 Denique
1021 2613 1061 2678 de
1080 2614 1321 2697 significatione

161 2719 252 2785 vocis
275 2717 403 2806 ἡγεμών
427 2725 459 2784 61
482 2719 522 2784 (16
538 2726 697 2805 tempore,
722 2741 781 2806 per
796 2719 887 2805 quod
905 2719 968 2784 Dio
985 2719 1108 2785 Prusae
1125 2722 1322 2786 commorari

161 2826 312 2905 voluerit,
337 2824 505 2911 quaeram.

267 2933 384 3018 Neque
417 2933 519 3019 igitur
553 2933 717 2998 orationes
755 2933 796 2998 38
831 2934 938 3014 6139,
973 2934 1099 3020 661666
1134 2955 1220 3020 6666
1253 2956 1322 2999 666

162 3047 263 3125 agant
301 3040 341 3104 de
384 3040 482 3105 rebus
517 3039 748 3118 Prusensibus
785 3039 950 3106 adhibebo
991 3047 1023 3105 et
1068 3041 1218 3106 omittam
1254 3063 1321 3106 ora-

161 3148 286 3212 tionem
310 3148 363 3224 42,
387 3168 474 3231 6666
497 3169 565 3212 666
588 3147 662 3232 1666
685 3147 789 3212 666116
814 3153 872 3226 661,
905 3147 962 3212 sed
986 3147 1132 3234 prolusio
1164 3149 1322 3213 orationis

164 3254 337 3340 [διάλεξις1,
362 3254 485 3340 quibus
509 3254 757 3320 delectabantur
780 3253 836 3319 illo
860 3261 1007 3340 tempore
1024 3255 1176 3319 homines
1201 3255 1320 3320 studiis

162 3362 332 3426 rhetoricis
355 3360 467 3427 dediti.
514 3361 598 3426 item
621 3361 828 3445 neglegenda
844 3361 905 3426 erit
930 3362 1109 3441 66611646,
1134 3383 1220 3447 6666
1243 3362 1321 3427 inde

162 3490 182 3533 a
206 3468 394 3533 Casauboni
418 3466 624 3553 temporibus
647 3468 718 3532 iure
740 3475 893 3553 suspecta
924 3474 973 3533 est
1002 3475 1034 3533 61
1061 3469 1089 3533 61
1113 3473 1161 3534 661
1183 3469 1321 3548 Dionea,

162 3581 248 3640 certe
271 3575 373 3660 priori
396 3575 538 3661 tempori
561 3574 780 3639 adscribenda
803 3575 872 3640 erit.

267 3683 407 3747 Restant
429 3682 530 3768 igitur
554 3682 718 3746 orationes
741 3682 794 3760 40,
818 3682 871 3760 41,
895 3683 1036 3761 43-45,
1058 3683 1099 3746 47
1105 3684 1199 3748 α50.
1247 3683 1322 3760 Quo

162 3796 363 3875 tempore
387 3789 519 3854 habitae
543 3789 618 3867 sint,
643 3789 820 3867 nescimus
854 3809 930 3854 oum
963 3789 998 3853 id
1029 3795 1161 3854 tantum
1195 3796 1323 3854 constet

162 3896 305 3962 Dionem
329 3896 440 3963 Nerva
456 3902 615 3982 regnante
638 3895 733 3981 gravi
756 3896 872 3961 morbo
895 3902 1060 3961 retentum
1086 3896 1179 3982 [452]
1205 3917 1225 3960 a
1245 3897 1321 3960 'Pra-

161 4004 238 4068 iano
262 4004 396 4069 veniam
418 4003 580 4068 redeundi
602 4003 638 4067 in
661 4002 804 4088 patriam
827 4003 1021 4088 impetrasse
1047 4003 1174 4088 [44,l2].
1210 4003 1321 4080 Quare

161 4116 239 4176 ante
263 4131 391 4175 annum
414 4111 455 4175 98
479 4111 571 4174 66116
594 4109 698 4174 666116
725 4109 877 4194 ponenda
902 4115 959 4188 est,
977 4116 1011 4174 at
1033 4111 1087 4174 cui
1105 4131 1193 4174 anno
1217 4111 1321 4175 oratio

161 4219 214 4296 44,
248 4239 350 4303 quam
381 4218 526 4303 primam
556 4238 627 4282 esse
670 4217 854 4281 orationem
878 4216 1090 4302 Bithynicam
1120 4216 1320 4296 videbimua

162 4324 339 4390 tribuenda
354 4325 405 4403 611,
428 4323 569 4388 dubium
586 4329 707 4388 manet.
742 4323 859 4408 Neque
876 4323 916 4388 de
933 4329 1117 4388 ceterarum
1133 4324 1322 4388 orationum

162 4439 310 4518 tempore
323 4430 509 4517 quidquam
522 4437 659 4507 constat,
674 4431 738 4494 nisi
747 4429 838 4515 quod
849 4430 885 4494 in
898 4429 1045 4495 oratione
1057 4430 1099 4493 48
1112 4421 1240 4494 Vareni
1251 4453 1321 4514 pro·

162 4539 307 4606 consulis
321 4537 413 4624 [48,1]
432 4538 556 4602 mentio
573 4537 610 4602 fit
626 4544 658 4602 et
673 4538 776 4602 Getae
799 4538 955 4602 hostes
978 4536 1195 4684 6661666166
1213 4537 1319 4626 [48,5].
