3234 5312
639 311 860 376 ..cl-

165 506 337 597 εὕεργέτην
347 501 562 599 detrectem
572 514 628 594 τῆς
641 508 772 587 πόλεως,
786 510 822 575 τό
840 515 995 599 Προυσίου
1006 512 1164 588 βασιλέως
1176 516 1336 594 μνημεῖον

163 610 359 700 μετήνεγκεν
382 615 418 680 ἐκ
440 621 497 700 τῆς
527 616 649 701 α’γοροῖς
672 627 728 682 καὶ
762 614 821 684 adv
844 615 1038 706 ἀνδριάντα.
1064 617 1168 694 οὐδεὶς
1183 611 1245 703 γάρ
1268 611 1335 680 ἔστι

165 723 381 811 παρ’ἒιιείνοις
393 721 562 806 φιλόπολις
574 722 649 789 οὐδὲ
665 723 750 811 οἷνήρ
766 722 921 810 ἐπιμελής
937 735 1012 814 περὶ
1026 721 1100 804 τούς
1109 724 1209 796 θεούς
1227 742 1232 756 ·
1248 719 1333 788 ἄλλα
1437 805 1438 808 ρ

164 829 263 917 παροῖ
280 816 322 910 νε
343 824 422 914 ἡμῖν
443 820 529 915 ἦσαν
553 831 676 896 πολλοί.

276 951 377 1037 ‚quod
400 951 561 1017 nimirum
577 953 758 1018 verisimile
774 975 843 1018 non
860 960 909 1019 ost
924 952 1152 1019 Antiochenos
1176 953 1255 1018 talia
1271 951 1334 1017 sibi

171 1079 321 1144 parare.
345 1111 433 1124 ....
462 1060 521 1145 qui
556 1060 726 1145 utrimque
760 1061 907 1146 porticus
943 1067 1187 1139 exstruxerunt,
1224 1081 1334 1145 neque

163 1167 346 1231 Tarsenses
370 1188 479 1252 neque
503 1187 594 1232 nunc
623 1167 892 1246 Nicomedenses,
922 1168 981 1253 qui
1011 1173 1232 1233 monumenta
1261 1167 1333 1232 loco

162 1273 334 1339 movenda
358 1295 428 1340 esse
453 1273 680 1339 decreverunt.
717 1275 886 1340 Macrinus
910 1295 999 1354 vem,
1024 1295 1127 1360 quem
1143 1274 1184 1341 de
1200 1274 1333 1340 civitate

166 1380 253 1445 bone
278 1381 439 1446 memisse
463 1381 579 1446 litteris
603 1381 745 1467 publicis
768 1383 1055 1467 pronuntiaveris
1087 1383 1223 1447 Prusiae
1246 1382 1333 1466 regis

162 1494 420 1553 monumentum
440 1494 471 1553 et
487 1494 632 1554 statuam
649 1488 689 1554 dc
701 1490 773 1555 foro
790 1489 968 1555 submovit.
1001 1490 1119 1576 Neque
1135 1489 1226 1554 enim
1241 1487 1332 1574 apud

163 1595 237 1660 illos
263 1596 444 1681 quisquam
467 1596 594 1680 patriae
617 1617 736 1663 amans
760 1604 809 1663 est
832 1603 891 1664 aut
914 1597 972 1684 qui
996 1597 1066 1663 deis
1090 1597 1251 1663 consulat.
1289 1596 1332 1660 At

162 1703 255 1788 apud
279 1724 341 1769 nos
364 1703 462 1767 multi
486 1704 598 1768 orant)

271 1827 401 1893 Scimus
426 1827 570 1894 Dionem
597 1828 725 1916 [40‚ll],
755 1852 777 1894 u
824 1831 912 1896 cives
936 1829 1189 1896 adornandam
1212 1827 1330 1894 urbem

163 1935 359 2020 impelleret,
385 1935 489 2000 solere
512 1935 654 2001 aliarum
678 1936 814 2002 urbium
837 1936 938 2002 Asiae
962 1937 1116 2022 exempla
1134 1957 1329 2022 proponere.

162 2041 262 2120 Quod
303 2042 393 2108 idem
435 2043 487 2108 his
521 2042 632 2110 verbis
663 2043 734 2110 fieri
768 2051 923 2130 apertum
956 2050 1014 2123 est,
1046 2043 1108 2110 etsi
1144 2043 1185 2108 de
1219 2043 1330 2110 verbis

161 2149 246 2219 πολι)
271 2187 311 2196 -
336 2157 445 2237 μῆκος,
471 2172 557 2235 quae
588 2151 695 2230 omisi,
732 2151 812 2216 certi
843 2151 928 2216 nihil
961 2151 1069 2216 dicere
1104 2150 1220 2215 audeo.
1267 2151 1331 2215 Per

159 2257 305 2322 ironiam
328 2265 442 2323 autem
465 2258 598 2323 illarum
630 2258 765 2323 urbium
798 2259 1152 2325 commemorationem
1178 2259 1225 2323 ita
1255 2279 1329 2323 con-

160 2363 321 2430 formavit
333 2365 407 2443 Dio,
422 2371 460 2430 ut
471 2365 560 2430 dicat
574 2387 643 2431 non
659 2366 837 2432 verisimile
854 2388 925 2431 esse
943 2365 1044 2453 [εἰκός]
1062 2366 1141 2431 talia
1165 2387 1220 2430 eas
1236 2365 1328 2430 moli-

160 2477 253 2538 turas
262 2493 343 2551 esse,
356 2471 438 2537 dum
450 2473 654 2538 contrarium
664 2474 837 2539 enuntiato
848 2474 985 2540 relativo
993 2473 1137 2539 breviter
1145 2472 1327 2558 subiungit.

266 2597 436 2664 Diseimus
461 2605 573 2663 autem
587 2620 627 2665 ex
650 2599 801 2665 hocloco
826 2598 982 2664 derebus
1001 2599 1234 2677 Prusensibus
1260 2620 1328 2664 non

158 2706 270 2770 solum
294 2705 464 2770 officinam
487 2705 579 2770 iliam
603 2713 765 2772 remotam
779 2713 811 2772 et
833 2706 999 2792 porticum
1022 2706 1230 2773 aedificatam
1247 2727 1328 2784 esse,

158 2812 218 2878 sed
243 2813 343 2877 stiam
368 2819 588 2878 monumenta
612 2813 778 2899 quaedam
795 2820 827 2878 et
847 2820 973 2879 statuas
989 2836 1010 2880 a
1025 2815 1133 2879 Dione
1149 2814 1220 2879 loco
1237 2821 1326 2878 mota

157 2941 230 2986 esse
255 2926 287 2984 et
309 2919 388 2986 inde
412 2927 528 2985 contra
551 2921 694 2986 Dionem
719 2922 883 3007 sacrilegii
906 2922 1047 2987 crimina
1070 2922 1261 2987 surrexisse.

265 3046 374 3124 47,17.
408 3046 438 3134 8)
462 3059 498 3116 τί
508 3049 572 3138 γάρ
588 3049 661 3134 ἐμοὶ
675 3056 733 3137 τῆς
749 3050 876 3116 ἐνθάδε
895 3055 1001 3130 στοαῖς,
1020 3044 1119 3139 ὅπερ
1136 3051 1192 3116 οὐκ
1208 3046 1327 3134 ἔχοντα

155 3181 208 3239 με,
234 3151 312 3222 iiam
334 3157 498 3241 βούλομαι
522 3173 734 3244 aspanorum

271 3260 372 3340 ‚Quid
385 3262 475 3326 enim
491 3283 566 3327 mea
577 3263 714 3328 interest
725 3263 891 3348 porticum
899 3263 954 3328 hic
964 3261 1139 3342 aedificari,
1150 3263 1246 3348 quasi
1258 3284 1327 3327 non

155 3368 313 3447 habeam,
339 3368 397 3433 ubi
420 3368 591 3434 ambulem
601 3370 625 3434 ?'

264 3494 413 3580 Impetus
427 3493 695 3560 adversariorum
708 3497 895 3562 refutantur
908 3495 1091 3561 dicentium
1103 3497 1324 3575 Dionemsua‚
1419 3496 1420 3499 ’

154 3623 226 3666 non
250 3601 394 3670 civitatis
418 3603 595 3667 commoda
625 3604 857 3689 respicientem
890 3603 1019 3670 civibus
1051 3603 1263 3689 persuasisse,
1289 3611 1326 3668 ut

154 3709 368 3794 porticus
392 3709 449 3774 illa
472 3708 709 3775 aedificaretur.

157 3927 474 3935 Ἥ

261 4071 352 4136 47,16.
391 4072 417 4124 3,
436 4073 494 4121 νῦν.
515 4062 564 4119 οὖν
582 4068 660 4136 Emp.
699 4071 741 4122 17.
762 4074 785 4122 1.
805 4073 942 4139 Μακρῖνος
960 4069 993 4127 Β.
1014 4069 1128 4126 Casaub.
1143 4086 1164 4124 r.
1182 4074 1325 4141 μακρεῖνος

153 4157 197 4215 Μ,
216 4161 373 4228 Μακαρῖνος
391 4173 417 4212 v.
429 4174 463 4211 m.
485 4187 515 4196 —
537 4156 708 4228 ἀνεγράψατε
728 4158 759 4212 Β.
780 4159 820 4216 Μ.
839 4175 865 4216 v.
885 4157 1058 4229 ἀνεγράψατο
1077 4175 1112 4216 m.
1131 4157 1323 4229 οἷνεγράψαντο

150 4271 177 4309 r.
197 4263 231 4302 ex
249 4247 361 4314 interpr.
399 4252 423 4303 2.
445 4244 470 4298 τὸ
491 4247 628 4316 Προυσίου
647 4247 680 4301 Β.
699 4249 740 4304 Μ.
759 4248 814 4316 [sed
827 4246 857 4301 τὸ
876 4247 905 4302 in
919 4249 1030 4316 rasura]¹
1051 4248 1160 4306 Reiske.
1179 4255 1225 4301 τοῦ
1237 4256 1323 4320 Προο-

151 4346 211 4391 otoo
224 4337 271 4392 rcl.
287 4335 316 4389 τὸ
335 4342 383 4388 τοῦ
397 4343 531 4406 Προυσίαν
544 4337 653 4393 Jacobs,
667 4339 729 4394 add.
743 4353 787 4407 pg.
808 4342 852 4396 19„
863 4368 895 4374 -
914 4339 1049 4404 βασιλέως.
1073 4344 1117 4390 τοῦ
1136 4340 1265 4406 βασιλέως
1283 4340 1323 4396 Μ.

152 4433 177 4482 3.
209 4424 368 4496 ἀνδριάντα,
388 4424 549 4496 ἄνδρειιένια
569 4426 609 4483 Μ,
641 4431 668 4482 4.
686 4425 836 4491 φιλόπολις.
857 4424 1010 4495 φιλοπόλεις
1034 4428 1073 4482 Μ.
1104 4459 1136 4467 -
1163 4426 1226 4482 οὐδὲ
1244 4426 1321 4500 α’νήρ.

151 4515 227 4588 α’νήρ
246 4513 308 4567 οὐδὲ
326 4515 404 4582 Emp.
