3234 5312
632 362 851 428 ..21-

263 561 316 638 40,
329 562 358 626 6.
406 560 442 644 4)
466 565 580 628 τοῦτον
611 561 692 648 ἐμοῦ
721 558 801 628 τότε
824 562 970 641 εἰπόντος
993 561 1170 646 τὸνλόνον
1193 559 1324 651 ἐπήρθη

156 696 190 734 τε
214 669 295 758 πρὸς
318 669 422 735 αὐτόν
444 670 460 732 ὁ
487 669 585 753 δῆμος
600 719 605 730 .
622 720 627 733 .
644 679 721 736 .κοιῑ
745 671 859 735 πολλοὶ
890 665 1145 758 προετράπησαν
1160 669 1325 755 ηιλοτιμηὲ

156 781 262 861 θῆναι
286 783 351 842 τῶν
374 778 526 842 πολιτῶν.
1139 787 1142 795 “

265 881 352 959 ,Qua
382 881 530 946 oratione
568 903 588 946 a
618 903 672 946 me
704 881 820 946 habita
851 879 995 967 populus
1038 881 1254 948 efferebatur.
1270 935 1276 945 .
1292 933 1322 945 ..

161 995 196 1056 et
221 987 319 1053 multi
342 989 431 1054 cives
455 987 762 1066 commovebantur,
787 995 825 1052 ut
847 987 997 1054 liberales
1030 1010 1065 1054 se
1096 989 1321 1074 praestarent)

264 1094 429 1160 Videmus
459 1095 513 1159 hic
546 1095 695 1180 primum
730 1096 819 1161 cives
854 1095 1012 1180 probasse
1036 1095 1155 1161 Dionis
1175 1097 1326 1161 consilia

157 1210 189 1267 et
213 1202 396 1267 multorum
420 1202 531 1268 studia
555 1224 625 1268 sese
648 1203 786 1268 vertisse
810 1203 844 1266 in
869 1203 957 1268 hanc
980 1223 1060 1268 rem.
1104 1203 1186 1281 Qui,
1211 1209 1324 1268 utrum

156 1310 224 1374 iam
249 1315 322 1373 tum
346 1308 572 1394 pecunias
595 1310 818 1396 promiserint,
844 1331 959 1388 necne,
991 1332 1032 1375 ex
1055 1310 1173 1375 Diouis
1203 1310 1326 1389 verbis'

157 1437 246 1501 quae
285 1423 463 1500 utramque
498 1417 805 1502 interpretationem
841 1416 1024 1482 admittunt
1060 1414 1328 1507 λπροετράπησοιν·

141 1525 440 1612 ηιλοτιμηθῆναιλ,
476 1545 544 1588 non
568 1523 773 1608 intelligitur,
798 1545 1005 1609 quamquam
1043 1530 1180 1610 propter
1214 1524 1325 1588 locum

156 1633 210 1708 45,
227 1632 264 1696 lo
289 1631 377 1694 inira
400 1630 637 1695 illustrandum
660 1631 839 1696 verisimile
873 1636 922 1696 est
950 1629 990 1696 de
1015 1631 1230 1717 pecuniis
1253 1639 1325 1716 pro<

160 1737 272 1801 missis
296 1737 439 1801 Diouem
464 1737 564 1822 loqui.

265 1845 351 1921 40,6.
399 1843 431 1930 5)
457 1843 559 1912 πάλιν
584 1847 621 1913 δὲ
650 1844 782 1933 ὕστερον
816 1847 899 1932 ἐμοῦ
931 1846 968 1912 τό
1005 1845 1141 1935 πράημα
1176 1837 1227 1932 ἐφ’
1248 1840 1326 1930 ιλμϊν

157 1963 353 2038 ποιουμένου
377 1949 534 2031 πολλάκις
561 1959 623 2038 μὲν
646 1954 683 2020 ἐν
706 1961 752 2044 τῷ
785 1956 1008 2042 βουλευτηρίῳ,
1044 1949 1201 2030 πολλάκις
1236 1955 1264 2018 δ’
1288 1953 1327 2018 ’ἐν

156 2065 206 2148 τῷ
231 2061 364 2148 θεάτρῳ
382 2109 492 2122 .....
518 2060 675 2135 πολλάκις
704 2067 766 2143 μὲν
788 2063 841 2147 ὑφ’
864 2063 957 2145 όμοῖν
987 2058 1145 2144 ἐκυρώθη,
1170 2055 1327 2137 πολλάκις

156 2169 194 2234 δὲ
219 2167 284 2234 dno·
311 2173 377 2232 τῶν
399 2167 576 2252 ἡγεμόνοιν,
602 2168 733 2247 οὐδενός
756 2164 978 2245 ἀντειπόντος.

271 2272 400 2350 ,Postea
415 2293 494 2338 vero
505 2294 565 2350 res
584 2294 662 2338 cum
679 2273 799 2338 iterum
816 2295 836 2338 a
852 2295 905 2338 me
921 2272 1114 2358 saepissime
1136 2272 1173 2336 in
1193 2278 1324 2350 senatu,

159 2379 356 2464 saepissime
379 2379 415 2443 in
439 2379 660 2446 contionead
683 2402 743 2445 vos
767 2380 876 2446 delata
900 2386 1008 2445 esset.
1030 2430 1061 2443 ..
1088 2379 1282 2463 saepissime
1306 2400 1326 2444 a

156 2486 266 2564 vobis,
291 2486 486 2572 saepissime
508 2489 529 2551 a
552 2487 760 2572 principibus
789 2486 929 2573 probata
953 2492 1001 2552 est
1036 2486 1137 2551 nullo·
1164 2485 1326 2551 contradi-

153 2593 271 2660 cente.'
1078 2661 1079 2667 ,

262 2701 326 2766 Dio
350 2701 458 2786 primo
482 2700 619 2785 quidem
652 2701 769 2766 ardore
803 2701 929 2767 civium
960 2700 1008 2764 uti
1039 2721 1109 2765 non
1133 2721 1232 2765 exre
1256 2721 1326 2765 esse

153 2807 262 2886 duxit,
298 2807 356 2872 sed
391 2807 581 2872 intermisso
617 2808 729 2893 aliquo
764 2815 924 2894 tempore,
960 2827 1038 2872 cum
1072 2807 1195 2872 iterum
1225 2813 1326 2891 atque

153 2916 278 2980 iterum
310 2921 342 2980 et
373 2915 408 2979 in
433 2922 552 2980 senatu
576 2922 608 2979 et
639 2915 730 3001 apud
763 2915 927 3001 populum
956 2914 996 2980 de
1029 2913 1146 2980 eadem
1171 2934 1205 2978 re
1229 2920 1325 2978 rettu-

156 3023 260 3100 lisset,
285 3023 487 3107 impetravit,
514 3029 551 3086 ut
575 3022 667 3087 nullo
703 3022 950 3088 contradicente
984 3022 1073 3088 cives
1097 3043 1138 3086 ex
1162 3021 1326 3088 sententia

153 3130 228 3195 eius
251 3151 322 3194 rem
345 3129 583 3214 perficiendam
619 3152 689 3194 esse
727 3129 942 3194 decernerent
973 3129 1153 3218 [ἐκυρώθη]Ι
1203 3128 1324 3206 Quare,

154 3259 234 3304 cum
259 3236 418 3322 praefecti
449 3258 584 3322 quoque
609 3237 753 3302 Romani
789 3237 916 3302 assensi
952 3242 1071 3314 essent,
1109 3235 1176 3300 iam
1212 3256 1263 3299 res
1287 3255 1347 3299 eo·

155 3344 318 3430 perducta
340 3351 418 3419 erat,
444 3351 481 3408 ut
504 3342 700 3410 aedificandi
725 3344 860 3414 initium
884 3345 984 3409 fieret.

161 3509 165 3512 .
263 3452 348 3530 40,7.
386 3451 421 3538 6)
445 3453 518 3518 ἐπεὶ
543 3454 578 3518 δὲ
603 3453 708 3542 άρχην
731 3451 862 3528 ἔλαβεν,
893 3447 954 3518 ira
984 3458 1045 3538 μὲν
1069 3448 1327 3529 astrigitanae

153 3565 284 3646 μετρῶν
300 3570 356 3626 καὶ
374 3558 558 3646 ὄιοιμοτροῖν
570 3571 625 3625 καὶ
641 3561 858 3645 λογιζόμενος,
875 3555 963 3637 ὅπως
974 3559 1019 3643 μη“
1037 3568 1161 3642 γένοιτο
1178 3560 1325 3646 άπρεπὲς

153 3668 237 3753 μηδὲ
262 3659 392 3756 άχρεῑον
419 3715 529 3728 .....
554 3677 610 3732 καὶ
645 3669 831 3734 τελευταῖον
867 3672 910 3744 εἰς
941 3666 982 3733 τά
1008 3663 1065 3752 όρη
1100 3660 1325 3753 φθειρόμενος,

155 3775 214 3842 οὐκ
237 3772 290 3840 ὧν
309 3775 462 3858 ἔμπειρος
484 3781 550 3840 τῶν
574 3775 725 3841 τοιούτων
749 3770 881 3852 οὐδενός
899 3825 905 3837 .
924 3824 929 3835 .
950 3821 981 3838 ..
1007 3773 1051 3838 e'oi
1074 3770 1135 3839 νῦν
1151 3769 1323 3848 ἐπεξιέναι.

265 3878 409 3943 Dionem
434 3878 581 3963 probatis
605 3879 674 3944 suis
698 3878 845 3944 consiliis
881 3885 987 3942 totum
1023 3899 1057 3942 se
1081 3877 1128 3941 rei
1152 3875 1325 3953 devovisse

153 3987 211 4052 hic
235 3985 405 4064 discimus,
431 4006 509 4052 cum
532 3986 658 4053 civium
693 3986 787 4052 iussu
823 3986 858 4050 in
893 3983 1017 4070 oppido
1047 3983 1159 4050 locum
1182 3981 1325 4047 aedificii

156 4186 473 4194 ———...——--..

264 4312 337 4376 40,o.
357 4307 386 4376 4)
424 4313 449 4361 λ.
468 4304 559 4360 τιν’τόν.
579 4303 644 4358 αὐτό
665 4306 779 4360 Casaub.

263 4402 337 4467 λΟ,6.
353 4396 380 4466 ὃ)
409 4403 434 4451 2.
448 4401 617 4467 ποιουμένου,
632 4400 813 4466 ποιησαμένου
828 4409 896 4462 mrg.
909 4409 945 4450 m.
972 4398 997 4447 2.
1012 4387 1178 4456 πολλάκις,ἧ
1198 4387 1325 4448 πολλάκις

153 4489 190 4544 Β.
210 4487 225 4552 ἢ
244 4483 370 4545 πολλάκις
390 4486 430 4544 Μ.
449 4486 505 4552 [sed
525 4483 541 4549 ἢ
560 4501 576 4537 a
595 4485 671 4552 corn]

142 4567 147 4578 ⁸
264 4579 338 4646 40,7.
374 4573 491 4646 άχρεῖον,
511 4571 608 4646 άχριον
627 4573 669 4633 Μ.
