3234 5312
790 355 1010 422 „22-

316 551 489 616 metiretur
513 554 649 640 [μετρῶν
664 563 721 618 καὶ
738 551 933 640 διαμετρῶν]
960 557 992 616 et
1007 550 1116 637 operis
1133 549 1318 616 rationibus
1336 549 1482 615 studeret

317 658 551 744 [loyrcdpevogl.
605 657 725 734 Verba,
761 679 848 743 quae
884 665 1089 743 sequuntur:
1125 670 1181 726 καὶ
1216 662 1403 728 τελευταῖον
1438 663 1482 737 εἰς

320 767 360 833 τοὶ
387 767 444 854 ὄρη
468 766 683 855 φθειρόμενος
704 764 862 830 videntur
900 772 1056 851 corrupta
1090 787 1172 831 esse.
1239 765 1356 850 Neque
1392 763 1481 829 enim

314 872 422 951 viden,
447 870 615 958 quomodo
647 873 862 963 φθειρόμενος
886 893 963 937 cum
992 879 1037 952 εἰς
1060 873 1101 940 τοὶ
1127 872 1184 963 ὅρη
1208 871 1480 957 coniungendam

317 979 367 1045 sit.
417 979 482 1044 Sed
505 979 638 1046 videtur
661 978 725 1044 Dio
749 980 811 1044 hoo
835 979 907 1044 loco
932 979 972 1044 de
996 979 1157 1045 molestiis
1181 980 1311 1055 referre.
1337 979 1481 1064 quasin

313 1086 502 1172 lapicidinis
525 1085 671 1151 subierit.
1068 1092 1072 1100 '

423 1192 486 1258 Sed
511 1199 642 1258 tantum
666 1191 790 1271 aberat,
808 1199 845 1257 ut
869 1193 932 1258 Dio
956 1215 1016 1279 pro
1032 1192 1203 1258 laboribus
1226 1193 1388 1278 susceptis
1411 1214 1481 1278 gra-

315 1300 400 1366 tiam
424 1299 549 1366 civium
573 1299 636 1365 sibi
659 1285 810 1380 mereret,
844 1307 882 1366 ut
914 1308 1029 1366 contra
1052 1300 1266 1386 gravissimas
1289 1299 1481 1366 inimicitias

313 1407 448 1484 subiret,
473 1428 551 1473 cum
574 1407 647 1472 aliis
678 1406 861 1485 decausis
899 1414 972 1473 tum
1007 1415 1142 1494 propter
1177 1429 1246 1473 rem
1282 1408 1380 1492 plane
1404 1407 1481 1474 ridi-

314 1514 434 1592 culam,
460 1514 487 1580 si
504 1514 621 1579 Dionis
642 1513 753 1580 verbis
779 1514 880 1579 fidem
902 1515 1110 1582 adhibemus.
1158 1515 1246 1580 Nam
1261 1537 1339 1580 cum
1355 1516 1480 1582 Prusae

312 1627 459 1688 veterem
505 1620 677 1706 quandam
713 1620 866 1687 fabrilem
904 1623 1073 1688 officinam
1108 1643 1248 1708 pronam
1283 1623 1316 1687 in
1348 1623 1480 1688 minem

316 1727 514 1794 diruendam
546 1734 702 1806 curasset,
740 1729 828 1794 cives
864 1729 1019 1794 nonnulli
1052 1729 1309 1814 gravissimam
1335 1729 1478 1794 Dionem

316 1835 458 1902 crimina
480 1834 701 1901 contulerunt.
750 1836 855 1911 Quae,
880 1857 958 1902 cum
993 1837 1075 1902 mihi
1099 1837 1187 1902 infra
1218 1836 1258 1901 de
1282 1835 1480 1903 adversariis

312 1941 432 2008 Dionis
461 1941 645 2027 disputanti
668 1942 821 2028 pluribus
843 1943 1041 2009 illustranda
1074 1944 1150 2022 sint,
1187 1944 1250 2010 hoc
1283 1944 1355 2010 loco
1390 1966 1480 2029 prae-

311 2047 417 2116 teribo
440 2071 531 2114 nunc
554 2049 588 2114 id
612 2071 747 2114 monere
784 2051 863 2116 satis
899 2050 1027 2118 habens
1062 2073 1103 2116 ex
1127 2056 1145 2132 ξ
1170 2051 1189 2116 8
1215 2074 1263 2136 sq.
1300 2057 1412 2137 patere
1436 2051 1479 2116 ad

311 2178 395 2242 opus
433 2156 673 2222 exstruendum
721 2157 900 2222 vetustiora
942 2158 1107 2243 quaedam
1151 2158 1301 2224 aedificia
1335 2159 1480 2224 Dionem

311 2263 475 2329 diruenda
497 2284 639 2329 curasse.

415 2372 501 2448 40‚9.
540 2371 571 2458 l)
596 2363 654 2456 οὔχ
669 2369 721 2438 δτι
737 2378 804 2439 τοῖν
820 2369 939 2438 κιόνων
954 2371 1068 2458 ἔμελεν
1087 2376 1196 2452 αὐτοῖς
1213 2380 1281 2441 τῶν
1296 2380 1480 2456 ἱσταμένων
1584 2429 1585 2456 ρ

312 2477 388 2546 οὐδὲ
410 2485 477 2545 τοῖν
500 2490 623 2561 γείσων,
650 2470 687 2546 οδ
709 2483 775 2546 τῶν
808 2480 1086 2566 οἰκοδομουμένων
1109 2482 1328 2570 ἐργαστηρίων
1351 2480 1478 2547 ἄλλοσε.
1584 2467 1585 2498 ³

425 2601 510 2680 ‚Non
534 2602 614 2687 quia
638 2603 812 2668 columnae
837 2603 883 2668 eis
907 2603 977 2670 sive
1002 2605 1138 2691 zephori
1155 2627 1252 2670 curae
1281 2611 1384 2684 erant,
1410 2605 1480 2671 sive

316 2709 468 2774 officinae
491 2708 565 2774 aliis
588 2709 668 2774 locis
693 2709 923 2776 collocandae!

420 2817 513 2892 Quae
537 2815 648 2894 verba,
674 2817 734 2882 etsi
758 2838 835 2883 cum
870 2818 1036 2904 prioribus
1070 2819 1156 2883 male
1180 2819 1367 2897 cohaerent,
1392 2827 1479 2885 certe
1583 2881 1584 2884 ,

314 2922 401 2988 dicta
425 2931 504 2987 suut
520 2922 560 2987 de
577 2923 673 2988 novis
690 2922 864 2992 aedificiis:
890 2923 1054 2990 columnis
1070 2925 1172 3010 igitur
1186 2926 1244 2991 illa
1260 2925 1476 2992 ornabantur.

314 3029 421 3094 Simul
445 3029 599 3095 videmus
623 3030 764 3096 Dionem
790 3052 933 3110 curasse,
958 3039 995 3096 ut
1018 3033 1170 3098 officinae
1193 3033 1269 3098 illae
1293 3033 1366 3098 aliis
1398 3033 1479 3100 locis

313 3137 572 3202 restituerentur.

416 3244 469 3322 40,
484 3246 532 3310 10.
580 3245 611 3333 8)
637 3245 722 3309 Cum
756 3245 796 3310 dc
827 3246 898 3310 loco
929 3247 1033 3324 40‚10
1067 3240 1114 3332 led
1136 3248 1199 3337 γοὶρ
1222 3251 1290 3314 locs
1317 3247 1376 3334 sql
1408 3249 1478 3314 iam
1582 3315 1583 3344 3

312 3372 414 3436 supra
451 3354 514 3437 [pg.
551 3351 581 3436 3]
619 3351 659 3416 dc
695 3351 836 3418 dioecesi
871 3352 1046 3438 disputans
1082 3353 1216 3438 egerim,
1253 3355 1331 3420 satis
1370 3355 1479 3421 habco
1582 3351 1583 3356 ’

311 3457 495 3535 ostendere,
521 3459 639 3543 quanti
663 3458 727 3523 Dio
751 3458 977 3524 aedificiorum
1002 3465 1033 3524 et
1056 3459 1184 3525 dierum
1210 3461 1370 3527 festorum
1388 3484 1479 3548 mag·

313 3564 517 3630 nificentiam
542 3565 702 3643 aestimet,
729 3587 797 3650 qua
820 3587 888 3630 uon
911 3567 1034 3646 minus,
1059 3588 1162 3652 quarn
1186 3567 1337 3634 libertate
1368 3577 1478 3635 aucto·

310 3672 441 3736 ritatem
466 3671 640 3738 civitatum
663 3673 824 3737 contineri
849 3672 946 3738 dicat.

415 3779 468 3857 40,
485 3779 534 3843 12.
583 3779 615 3861 9)
638 3792 694 3846 καὶ
718 3778 849 3848 διδόναι
881 3783 1009 3869 μηδένα
1047 3782 1162 3862 totvm
1196 3796 1251 3851 καὶ
1286 3801 1351 3864 τοῖς
1374 3785 1479 3875 ἔργοις

310 3883 463 3973 ἐμποδῶν
486 3885 680 3973 γιγνόμενοι.

417 3993 544 4078 ,Neque
584 4015 790 4080 quemquam
825 3995 1019 4081 impendere
1055 3997 1217 4082 patientes
1253 4005 1285 4064 et
1319 3999 1478 4085 operibus

309 4099 516 4165 obnitentes'

419 4208 513 4274 Haec
548 4229 683 4294 quoque
716 4210 751 4274 in
795 4209 835 4274 iis
868 4210 1034 4295 leguntur,
1068 4211 1190 4296 quibus
1228 4213 1289 4278 Dio
1324 4213 1477 4280 adversa-

416 4478 488 4543 40,9.
520 4481 543 4532 1.
563 4476 655 4547 ἔμολον
673 4492 704 4545 r.,
722 4478 830 4547 ἔμελλεν
848 4478 895 4532 rel.
925 4485 949 4534 2.
973 4477 1004 4531 οδ
1024 4485 1086 4533 τῶν,
1106 4478 1122 4545 ἧ
1142 4486 1193 4532 τῶν
1213 4497 1285 4548 susp.
1305 4482 1387 4550 Emp.
1412 4482 1479 4537 οὐδὲ
1579 4463 1580 4536 l

308 4569 363 4616 τῶν
384 4563 461 4618 Geel.
483 4594 512 4602 -
533 4562 626 4617 ἄλλοσε
645 4565 723 4632 limp.
743 4567 797 4620 obs.
817 4584 863 4636 pg.
882 4573 924 4626 52.
944 4567 1023 4629 ἄλλος
1042 4586 1066 4623 v.
1084 4568 1172 4630 ἄλλοις
1191 4571 1237 4624 rel.
1257 4572 1309 4628 del
1329 4571 1439 4627 Raiske.
