<?xml version="1.0" encoding="UTF-8"?>
<!DOCTYPE html PUBLIC "-//W3C//DTD XHTML 1.0 Transitional//EN"
    "http://www.w3.org/TR/xhtml1/DTD/xhtml1-transitional.dtd">
<html xmlns="http://www.w3.org/1999/xhtml" xml:lang="en" lang="en">
 <head>
  <title>
</title>
<meta http-equiv="Content-Type" content="text/html;charset=utf-8" />
  <meta name='ocr-system' content='tesseract 3.04.00' />
  <meta name='ocr-capabilities' content='ocr_page ocr_carea ocr_par ocr_line ocrx_word'/>
</head>
<body>
  <div class='ocr_page' id='page_1' title='image "./dedionischrysos00claugoog_0070.png"; bbox 0 0 3234 5312; ppageno 0'>
   <div class='ocr_carea' id='block_1_1' title="bbox 623 342 843 408">
    <p class='ocr_par' dir='ltr' id='par_1_1' title="bbox 623 342 843 408">
     <span class='ocr_line' id='line_1_1' title="bbox 623 342 843 408; baseline 0.009 -18"><span class='ocrx_word' id='word_1_1' title='bbox 623 342 843 408; x_wconf 68' lang='lat'>...61-</span> 
     </span>
    </p>
   </div>
   <div class='ocr_carea' id='block_1_2' title="bbox 142 537 1315 2556">
    <p class='ocr_par' dir='ltr' id='par_1_2' title="bbox 144 537 1315 730">
     <span class='ocr_line' id='line_1_2' title="bbox 259 537 1315 625; baseline 0.005 -24"><span class='ocrx_word' id='word_1_2' title='bbox 259 537 313 617; x_wconf 88' lang='lat' dir='ltr'>,At</span> <span class='ocrx_word' id='word_1_3' title='bbox 336 537 434 624; x_wconf 88' lang='lat' dir='ltr'>plura</span> <span class='ocrx_word' id='word_1_4' title='bbox 457 539 596 604; x_wconf 80' lang='lat' dir='ltr'>fortasse</span> <span class='ocrx_word' id='word_1_5' title='bbox 619 540 747 625; x_wconf 88' lang='lat' dir='ltr'>loquor,</span> <span class='ocrx_word' id='word_1_6' title='bbox 772 561 874 625; x_wconf 89' lang='lat' dir='ltr'>quam</span> <span class='ocrx_word' id='word_1_7' title='bbox 903 561 964 625; x_wconf 90' lang='lat' dir='ltr'>par</span> <span class='ocrx_word' id='word_1_8' title='bbox 987 545 1046 619; x_wconf 92' lang='lat' dir='ltr'>est,</span> <span class='ocrx_word' id='word_1_9' title='bbox 1075 562 1151 606; x_wconf 92' lang='lat' dir='ltr'>cum</span> <span class='ocrx_word' id='word_1_10' title='bbox 1181 561 1315 606; x_wconf 89' lang='lat' dir='ltr'>necesse</span> 
     </span>
     <span class='ocr_line' id='line_1_3' title="bbox 144 645 830 730; baseline 0 -20"><span class='ocrx_word' id='word_1_11' title='bbox 144 646 191 710; x_wconf 91' lang='lat' dir='ltr'>sit</span> <span class='ocrx_word' id='word_1_12' title='bbox 213 645 305 710; x_wconf 89' lang='lat' dir='ltr'>abire</span> <span class='ocrx_word' id='word_1_13' title='bbox 329 666 384 709; x_wconf 91' lang='lat' dir='ltr'>me</span> <span class='ocrx_word' id='word_1_14' title='bbox 408 645 593 730; x_wconf 88' lang='lat' dir='ltr'>prinoipem</span> <span class='ocrx_word' id='word_1_15' title='bbox 617 647 830 712; x_wconf 86' lang='lat' dir='ltr'>arcessitum.&#39;</span> 
     </span>
    </p>

    <p class='ocr_par' dir='ltr' id='par_1_3' title="bbox 143 751 1315 1476">
     <span class='ocr_line' id='line_1_4' title="bbox 257 751 1312 840; baseline 0.003 -24"><span class='ocrx_word' id='word_1_16' title='bbox 257 753 425 830; x_wconf 80' lang='lat' dir='ltr'>Ocnieras,</span> <span class='ocrx_word' id='word_1_17' title='bbox 450 773 536 836; x_wconf 90' lang='lat' dir='ltr'>quae</span> <span class='ocrx_word' id='word_1_18' title='bbox 552 751 593 816; x_wconf 90' lang='lat' dir='ltr'>de</span> <span class='ocrx_word' id='word_1_19' title='bbox 608 753 816 837; x_wconf 85' lang='lat' dir='ltr'>proconsulis</span> <span class='ocrx_word' id='word_1_20' title='bbox 833 753 1027 820; x_wconf 88' lang='lat' dir='ltr'>auctoritate</span> <span class='ocrx_word' id='word_1_21' title='bbox 1051 775 1153 840; x_wconf 87' lang='lat' dir='ltr'>supra</span> <span class='ocrx_word' id='word_1_22' title='bbox 1181 757 1246 840; x_wconf 84' lang='lat' dir='ltr'>[pg.</span> <span class='ocrx_word' id='word_1_23' title='bbox 1264 754 1312 840; x_wconf 77' lang='lat'>17]</span> 
     </span>
     <span class='ocr_line' id='line_1_5' title="bbox 144 857 1314 953; baseline 0.004 -29"><span class='ocrx_word' id='word_1_24' title='bbox 144 859 371 946; x_wconf 82' lang='lat' dir='ltr'>exposuerim,</span> <span class='ocrx_word' id='word_1_25' title='bbox 397 858 439 923; x_wconf 91' lang='lat' dir='ltr'>ad</span> <span class='ocrx_word' id='word_1_26' title='bbox 463 880 559 944; x_wconf 89' lang='lat' dir='ltr'>quac,</span> <span class='ocrx_word' id='word_1_27' title='bbox 577 859 604 924; x_wconf 92' lang='lat' dir='ltr'>si</span> <span class='ocrx_word' id='word_1_28' title='bbox 624 859 719 925; x_wconf 92' lang='lat' dir='ltr'>addis</span> <span class='ocrx_word' id='word_1_29' title='bbox 743 861 816 947; x_wconf 70' lang='lat' dir='ltr'>§2z</span> <span class='ocrx_word' id='word_1_30' title='bbox 841 857 905 929; x_wconf 71' lang='lat' dir='ltr'>adv</span> <span class='ocrx_word' id='word_1_31' title='bbox 928 863 1020 949; x_wconf 79' lang='grc' dir='ltr'><strong><em>δεῦρο</em></strong></span> <span class='ocrx_word' id='word_1_32' title='bbox 1037 864 1193 950; x_wconf 72' lang='grc' dir='ltr'>ἀφίκηται</span> <span class='ocrx_word' id='word_1_33' title='bbox 1209 890 1314 953; x_wconf 84' lang='grc' dir='ltr'><strong><em>παρα-</em></strong></span> 
     </span>
     <span class='ocr_line' id='line_1_6' title="bbox 143 967 1315 1055; baseline -0.003 -20"><span class='ocrx_word' id='word_1_34' title='bbox 143 971 282 1054; x_wconf 74' lang='grc' dir='ltr'><strong><em>κληθείς</em></strong></span> <span class='ocrx_word' id='word_1_35' title='bbox 299 973 331 1031; x_wconf 88' lang='lat' dir='ltr'>et</span> <span class='ocrx_word' id='word_1_36' title='bbox 348 967 370 1053; x_wconf 63' lang='grc' dir='ltr'>ξ</span> <span class='ocrx_word' id='word_1_37' title='bbox 387 967 423 1032; x_wconf 88' lang='grc'>3;</span> <span class='ocrx_word' id='word_1_38' title='bbox 449 977 505 1034; x_wconf 79' lang='grc' dir='ltr'>καὶ</span> <span class='ocrx_word' id='word_1_39' title='bbox 526 969 590 1055; x_wconf 71' lang='grc' dir='ltr'>γὰρ</span> <span class='ocrx_word' id='word_1_40' title='bbox 614 969 651 1054; x_wconf 78' lang='grc' dir='ltr'><strong><em>δὴ</em></strong></span> <span class='ocrx_word' id='word_1_41' title='bbox 669 974 859 1053; x_wconf 83' lang='lat' dir='ltr'>sqapparet</span> <span class='ocrx_word' id='word_1_42' title='bbox 883 967 999 1032; x_wconf 88' lang='lat' dir='ltr'>edesse</span> <span class='ocrx_word' id='word_1_43' title='bbox 1023 969 1256 1053; x_wconf 85' lang='lat' dir='ltr'>proconsulem</span> <span class='ocrx_word' id='word_1_44' title='bbox 1279 969 1315 1032; x_wconf 89' lang='lat' dir='ltr'>in</span> 
     </span>
     <span class='ocr_line' id='line_1_7' title="bbox 144 1073 1315 1160; baseline 0.002 -22"><span class='ocrx_word' id='word_1_45' title='bbox 144 1074 232 1139; x_wconf 89' lang='lat' dir='ltr'>urbe</span> <span class='ocrx_word' id='word_1_46' title='bbox 257 1095 295 1139; x_wconf 92' lang='lat' dir='ltr'>eo</span> <span class='ocrx_word' id='word_1_47' title='bbox 316 1073 465 1153; x_wconf 86' lang='lat' dir='ltr'>consili0,</span> <span class='ocrx_word' id='word_1_48' title='bbox 490 1079 536 1152; x_wconf 89' lang='lat' dir='ltr'>ut,</span> <span class='ocrx_word' id='word_1_49' title='bbox 563 1074 627 1138; x_wconf 92' lang='lat' dir='ltr'>nisi</span> <span class='ocrx_word' id='word_1_50' title='bbox 651 1074 739 1140; x_wconf 89' lang='lat' dir='ltr'>cives</span> <span class='ocrx_word' id='word_1_51' title='bbox 763 1074 855 1140; x_wconf 90' lang='lat' dir='ltr'>litem</span> <span class='ocrx_word' id='word_1_52' title='bbox 871 1075 1129 1160; x_wconf 80' lang='lat' dir='ltr'>composuerint,</span> <span class='ocrx_word' id='word_1_53' title='bbox 1154 1076 1315 1160; x_wconf 88' lang='lat' dir='ltr'>proximis</span> 
     </span>
     <span class='ocr_line' id='line_1_8' title="bbox 144 1180 1315 1268; baseline 0 -22"><span class='ocrx_word' id='word_1_54' title='bbox 144 1181 267 1246; x_wconf 91' lang='lat' dir='ltr'>diebus</span> <span class='ocrx_word' id='word_1_55' title='bbox 292 1182 377 1268; x_wconf 82' lang='lat' dir='ltr'>,ipse</span> <span class='ocrx_word' id='word_1_56' title='bbox 409 1181 618 1246; x_wconf 77' lang='lat' dir='ltr'>interveniat.</span> <span class='ocrx_word' id='word_1_57' title='bbox 644 1180 786 1248; x_wconf 88' lang='lat' dir='ltr'>Videtur</span> <span class='ocrx_word' id='word_1_58' title='bbox 817 1181 919 1267; x_wconf 85' lang='lat' dir='ltr'>igitur</span> <span class='ocrx_word' id='word_1_59' title='bbox 948 1181 1013 1246; x_wconf 92' lang='lat' dir='ltr'>Dio</span> <span class='ocrx_word' id='word_1_60' title='bbox 1045 1181 1146 1246; x_wconf 88' lang='lat' dir='ltr'>talem</span> <span class='ocrx_word' id='word_1_61' title='bbox 1179 1204 1315 1268; x_wconf 88' lang='lat' dir='ltr'>quoque</span> 
     </span>
     <span class='ocr_line' id='line_1_9' title="bbox 143 1287 1314 1380; baseline 0.003 -27"><span class='ocrx_word' id='word_1_62' title='bbox 143 1289 358 1373; x_wconf 87' lang='lat' dir='ltr'>proconsulis</span> <span class='ocrx_word' id='word_1_63' title='bbox 388 1287 571 1354; x_wconf 88' lang='lat' dir='ltr'>adventum</span> <span class='ocrx_word' id='word_1_64' title='bbox 600 1287 816 1354; x_wconf 89' lang='lat' dir='ltr'>adnuntiasse</span> <span class='ocrx_word' id='word_1_65' title='bbox 840 1289 949 1355; x_wconf 86' lang='lat' dir='ltr'>verbis</span> <span class='ocrx_word' id='word_1_66' title='bbox 980 1288 1099 1366; x_wconf 80' lang='grc'>47,19;</span> <span class='ocrx_word' id='word_1_67' title='bbox 1130 1301 1185 1358; x_wconf 78' lang='grc' dir='ltr'>καὶ</span> <span class='ocrx_word' id='word_1_68' title='bbox 1209 1318 1314 1380; x_wconf 81' lang='grc' dir='ltr'><strong><em>παρα-</em></strong></span> 
     </span>
     <span class='ocr_line' id='line_1_10' title="bbox 144 1396 1258 1476; baseline 0.003 -16"><span class='ocrx_word' id='word_1_69' title='bbox 144 1399 260 1464; x_wconf 78' lang='grc' dir='ltr'><strong><em>καλεῖν</em></strong></span> <span class='ocrx_word' id='word_1_70' title='bbox 283 1397 342 1464; x_wconf 72' lang='lat' dir='ltr'>riv</span> <span class='ocrx_word' id='word_1_71' title='bbox 365 1396 576 1465; x_wconf 71' lang='grc' dir='ltr'><strong><em>ἀνθύπατον.</em></strong></span> <span class='ocrx_word' id='word_1_72' title='bbox 1257 1473 1258 1476; x_wconf 26' lang='grc'>,</span> 
     </span>
    </p>

    <p class='ocr_par' dir='ltr' id='par_1_4' title="bbox 255 1502 1131 1582">
     <span class='ocr_line' id='line_1_11' title="bbox 255 1502 1131 1582; baseline 0 -14"><span class='ocrx_word' id='word_1_73' title='bbox 255 1503 427 1568; x_wconf 91' lang='lat' dir='ltr'>Pertinent</span> <span class='ocrx_word' id='word_1_74' title='bbox 449 1503 515 1568; x_wconf 91' lang='lat' dir='ltr'>huo</span> <span class='ocrx_word' id='word_1_75' title='bbox 539 1503 638 1568; x_wconf 86' lang='lat' dir='ltr'>etiam</span> <span class='ocrx_word' id='word_1_76' title='bbox 662 1503 726 1568; x_wconf 89' lang='lat' dir='ltr'>loci</span> <span class='ocrx_word' id='word_1_77' title='bbox 748 1502 863 1579; x_wconf 86' lang='lat' dir='ltr'>43,1r.</span> <span class='ocrx_word' id='word_1_78' title='bbox 888 1503 941 1582; x_wconf 83' lang='lat'>45,</span> <span class='ocrx_word' id='word_1_79' title='bbox 956 1505 1005 1568; x_wconf 84' lang='lat'>15.</span> <span class='ocrx_word' id='word_1_80' title='bbox 1030 1504 1131 1581; x_wconf 79' lang='lat'>49,2:</span> 
     </span>
    </p>

    <p class='ocr_par' dir='ltr' id='par_1_5' title="bbox 142 1609 1314 2556">
     <span class='ocr_line' id='line_1_12' title="bbox 255 1609 1314 1700; baseline 0.002 -26"><span class='ocrx_word' id='word_1_81' title='bbox 255 1611 372 1689; x_wconf 84' lang='lat'>43,11.</span> <span class='ocrx_word' id='word_1_82' title='bbox 401 1610 433 1696; x_wconf 87' lang='lat'>3)</span> <span class='ocrx_word' id='word_1_83' title='bbox 446 1609 630 1690; x_wconf 70' lang='grc' dir='ltr'><strong><em>ἀναπείσας</em></strong></span> <span class='ocrx_word' id='word_1_84' title='bbox 646 1612 683 1677; x_wconf 80' lang='grc' dir='ltr'>δὲ</span> <span class='ocrx_word' id='word_1_85' title='bbox 707 1612 905 1696; x_wconf 78' lang='grc' dir='ltr'><strong><em>ἡγεμόνα</em></strong></span> <span class='ocrx_word' id='word_1_86' title='bbox 932 1612 1076 1700; x_wconf 77' lang='grc' dir='ltr'><strong><em>πονηρὸν</em></strong></span> <span class='ocrx_word' id='word_1_87' title='bbox 1089 1631 1137 1695; x_wconf 84' lang='lat' dir='ltr'>sq.</span> <span class='ocrx_word' id='word_1_88' title='bbox 1186 1611 1234 1675; x_wconf 91' lang='lat' dir='ltr'>De</span> <span class='ocrx_word' id='word_1_89' title='bbox 1251 1611 1314 1680; x_wconf 81' lang='lat' dir='ltr'>huc</span> 
     </span>
     <span class='ocr_line' id='line_1_13' title="bbox 143 1715 1314 1805; baseline 0 -22"><span class='ocrx_word' id='word_1_90' title='bbox 143 1719 220 1783; x_wconf 90' lang='lat' dir='ltr'>loco</span> <span class='ocrx_word' id='word_1_91' title='bbox 243 1719 312 1782; x_wconf 90' lang='lat' dir='ltr'>iem</span> <span class='ocrx_word' id='word_1_92' title='bbox 336 1739 438 1802; x_wconf 90' lang='lat' dir='ltr'>supra</span> <span class='ocrx_word' id='word_1_93' title='bbox 463 1715 527 1805; x_wconf 84' lang='lat' dir='ltr'>[pg.</span> <span class='ocrx_word' id='word_1_94' title='bbox 554 1718 596 1781; x_wconf 81' lang='lat'>33</span> <span class='ocrx_word' id='word_1_95' title='bbox 610 1719 669 1801; x_wconf 78' lang='lat' dir='ltr'>sq]</span> <span class='ocrx_word' id='word_1_96' title='bbox 694 1717 756 1801; x_wconf 85' lang='lat' dir='ltr'>egi.</span> <span class='ocrx_word' id='word_1_97' title='bbox 803 1715 950 1803; x_wconf 78' lang='grc' dir='ltr'><strong><em>Ἡγεμών</em></strong></span> <span class='ocrx_word' id='word_1_98' title='bbox 973 1718 1151 1802; x_wconf 90' lang='lat' dir='ltr'>proconsul</span> <span class='ocrx_word' id='word_1_99' title='bbox 1175 1717 1314 1802; x_wconf 89' lang='lat' dir='ltr'>quidam</span> 
     </span>
     <span class='ocr_line' id='line_1_14' title="bbox 143 1823 1313 1910; baseline -0.002 -19"><span class='ocrx_word' id='word_1_100' title='bbox 143 1825 281 1892; x_wconf 88' lang='lat' dir='ltr'>videtur</span> <span class='ocrx_word' id='word_1_101' title='bbox 304 1825 416 1903; x_wconf 84' lang='lat' dir='ltr'>luisse,</span> <span class='ocrx_word' id='word_1_102' title='bbox 442 1824 537 1890; x_wconf 89' lang='lat' dir='ltr'>cuius</span> <span class='ocrx_word' id='word_1_103' title='bbox 560 1824 684 1889; x_wconf 89' lang='lat' dir='ltr'>auxilio</span> <span class='ocrx_word' id='word_1_104' title='bbox 701 1823 845 1888; x_wconf 90' lang='lat' dir='ltr'>Dionem</span> <span class='ocrx_word' id='word_1_105' title='bbox 869 1825 1117 1910; x_wconf 86' lang='lat' dir='ltr'>synoecismurn</span> <span class='ocrx_word' id='word_1_106' title='bbox 1142 1824 1256 1910; x_wconf 87' lang='lat' dir='ltr'>aliqua</span> <span class='ocrx_word' id='word_1_107' title='bbox 1272 1846 1313 1889; x_wconf 90' lang='lat' dir='ltr'>ex</span> 
     </span>
     <span class='ocr_line' id='line_1_15' title="bbox 143 1931 1313 2018; baseline -0.001 -21"><span class='ocrx_word' id='word_1_108' title='bbox 143 1939 243 2018; x_wconf 84' lang='lat' dir='ltr'>parte</span> <span class='ocrx_word' id='word_1_109' title='bbox 266 1932 442 2017; x_wconf 80' lang='lat' dir='ltr'>perfecisse</span> <span class='ocrx_word' id='word_1_110' title='bbox 466 1931 623 2016; x_wconf 86' lang='lat' dir='ltr'>suspicor.</span> <span class='ocrx_word' id='word_1_111' title='bbox 672 1931 769 1996; x_wconf 85' lang='lat' dir='ltr'>Certa</span> <span class='ocrx_word' id='word_1_112' title='bbox 791 1951 870 1996; x_wconf 86' lang='lat' dir='ltr'>vero</span> <span class='ocrx_word' id='word_1_113' title='bbox 894 1931 935 1996; x_wconf 92' lang='lat' dir='ltr'>de</span> <span class='ocrx_word' id='word_1_114' title='bbox 959 1953 998 1996; x_wconf 89' lang='lat' dir='ltr'>ea</span> <span class='ocrx_word' id='word_1_115' title='bbox 1021 1953 1055 1996; x_wconf 91' lang='lat' dir='ltr'>re</span> <span class='ocrx_word' id='word_1_116' title='bbox 1091 1932 1161 1996; x_wconf 91' lang='lat' dir='ltr'>erui</span> <span class='ocrx_word' id='word_1_117' title='bbox 1193 1953 1313 2016; x_wconf 89' lang='lat' dir='ltr'>neque-</span> 
     </span>
     <span class='ocr_line' id='line_1_16' title="bbox 143 2037 1314 2125; baseline 0 -21"><span class='ocrx_word' id='word_1_118' title='bbox 143 2046 220 2118; x_wconf 91' lang='lat' dir='ltr'>unt,</span> <span class='ocrx_word' id='word_1_119' title='bbox 244 2041 325 2124; x_wconf 91' lang='lat' dir='ltr'>quia</span> <span class='ocrx_word' id='word_1_120' title='bbox 350 2039 414 2103; x_wconf 91' lang='lat' dir='ltr'>Dio</span> <span class='ocrx_word' id='word_1_121' title='bbox 437 2038 583 2125; x_wconf 84' lang='lat' dir='ltr'>plurime</span> <span class='ocrx_word' id='word_1_122' title='bbox 611 2039 674 2103; x_wconf 92' lang='lat' dir='ltr'>hoc</span> <span class='ocrx_word' id='word_1_123' title='bbox 707 2038 777 2103; x_wconf 87' lang='lat' dir='ltr'>loeo</span> <span class='ocrx_word' id='word_1_124' title='bbox 812 2058 871 2123; x_wconf 90' lang='lat' dir='ltr'>per</span> <span class='ocrx_word' id='word_1_125' title='bbox 901 2039 1044 2103; x_wconf 82' lang='lat' dir='ltr'>ironiam</span> <span class='ocrx_word' id='word_1_126' title='bbox 1079 2037 1165 2103; x_wconf 86' lang='lat' dir='ltr'>dicit.</span> <span class='ocrx_word' id='word_1_127' title='bbox 1215 2038 1314 2115; x_wconf 78' lang='lat' dir='ltr'>Quod</span> 
     </span>
     <span class='ocr_line' id='line_1_17' title="bbox 142 2145 1313 2233; baseline -0.002 -21"><span class='ocrx_word' id='word_1_128' title='bbox 142 2147 382 2233; x_wconf 84' lang='lat' dir='ltr'>proconsulem</span> <span class='ocrx_word' id='word_1_129' title='bbox 395 2146 499 2225; x_wconf 89' lang='lat' dir='ltr'>illum,</span> <span class='ocrx_word' id='word_1_130' title='bbox 516 2145 652 2210; x_wconf 84' lang='lat' dir='ltr'>malum&#39;</span> <span class='ocrx_word' id='word_1_131' title='bbox 666 2145 927 2224; x_wconf 88' lang='lat' dir='ltr'>nominat,haud</span> <span class='ocrx_word' id='word_1_132' title='bbox 938 2145 1038 2210; x_wconf 89' lang='lat' dir='ltr'>dubie</span> <span class='ocrx_word' id='word_1_133' title='bbox 1047 2145 1313 2212; x_wconf 89' lang='lat' dir='ltr'>adversariorum</span> 
     </span>
     <span class='ocr_line' id='line_1_18' title="bbox 143 2251 1313 2339; baseline -0.002 -19"><span class='ocrx_word' id='word_1_134' title='bbox 143 2255 187 2320; x_wconf 91' lang='lat' dir='ltr'>de</span> <span class='ocrx_word' id='word_1_135' title='bbox 212 2255 268 2320; x_wconf 89' lang='lat' dir='ltr'>illo</span> <span class='ocrx_word' id='word_1_136' title='bbox 291 2254 424 2320; x_wconf 90' lang='lat' dir='ltr'>iudiciis</span> <span class='ocrx_word' id='word_1_137' title='bbox 447 2253 566 2332; x_wconf 85' lang='lat' dir='ltr'>illudit,</span> <span class='ocrx_word' id='word_1_138' title='bbox 590 2274 700 2338; x_wconf 90' lang='lat' dir='ltr'>neque</span> <span class='ocrx_word' id='word_1_139' title='bbox 724 2253 759 2316; x_wconf 96' lang='lat' dir='ltr'>id</span> <span class='ocrx_word' id='word_1_140' title='bbox 787 2251 878 2337; x_wconf 92' lang='lat' dir='ltr'>quod</span> <span class='ocrx_word' id='word_1_141' title='bbox 902 2252 1009 2317; x_wconf 84' lang='lat' dir='ltr'>Faber</span> <span class='ocrx_word' id='word_1_142' title='bbox 1041 2259 1145 2338; x_wconf 91' lang='lat' dir='ltr'>putat,</span> <span class='ocrx_word' id='word_1_143' title='bbox 1177 2274 1313 2339; x_wconf 92' lang='lat' dir='ltr'>procon-</span> 
     </span>
     <span class='ocr_line' id='line_1_19' title="bbox 143 2359 1311 2447; baseline -0.002 -20"><span class='ocrx_word' id='word_1_144' title='bbox 143 2363 265 2440; x_wconf 88' lang='lat' dir='ltr'>sulem,</span> <span class='ocrx_word' id='word_1_145' title='bbox 291 2361 383 2447; x_wconf 94' lang='lat' dir='ltr'>quod</span> <span class='ocrx_word' id='word_1_146' title='bbox 406 2360 530 2425; x_wconf 91' lang='lat' dir='ltr'>durum</span> <span class='ocrx_word' id='word_1_147' title='bbox 545 2360 776 2445; x_wconf 88' lang='lat' dir='ltr'>iniustumque</span> <span class='ocrx_word' id='word_1_148' title='bbox 793 2361 829 2424; x_wconf 94' lang='lat' dir='ltr'>in</span> <span class='ocrx_word' id='word_1_149' title='bbox 845 2360 1028 2424; x_wconf 89' lang='lat' dir='ltr'>Prusenses</span> <span class='ocrx_word' id='word_1_150' title='bbox 1045 2382 1079 2424; x_wconf 90' lang='lat' dir='ltr'>se</span> <span class='ocrx_word' id='word_1_151' title='bbox 1096 2359 1311 2445; x_wconf 77' lang='lat' dir='ltr'>praebuisset,</span> 
     </span>
     <span class='ocr_line' id='line_1_20' title="bbox 143 2465 1311 2556; baseline -0.003 -20"><span class='ocrx_word' id='word_1_152' title='bbox 143 2470 324 2556; x_wconf 87' lang='lat' dir='ltr'>vituperat.</span> <span class='ocrx_word' id='word_1_153' title='bbox 350 2469 477 2553; x_wconf 89' lang='lat' dir='ltr'>Neque,</span> <span class='ocrx_word' id='word_1_154' title='bbox 495 2474 532 2532; x_wconf 89' lang='lat' dir='ltr'>ut</span> <span class='ocrx_word' id='word_1_155' title='bbox 548 2467 664 2545; x_wconf 83' lang='lat' dir='ltr'>Faber,</span> <span class='ocrx_word' id='word_1_156' title='bbox 682 2489 723 2532; x_wconf 88' lang='lat' dir='ltr'>ex</span> <span class='ocrx_word' id='word_1_157' title='bbox 738 2467 801 2532; x_wconf 91' lang='lat' dir='ltr'>hoc</span> <span class='ocrx_word' id='word_1_158' title='bbox 817 2466 888 2532; x_wconf 91' lang='lat' dir='ltr'>loco</span> <span class='ocrx_word' id='word_1_159' title='bbox 904 2466 1000 2552; x_wconf 90' lang='lat' dir='ltr'>plura</span> <span class='ocrx_word' id='word_1_160' title='bbox 1012 2465 1209 2532; x_wconf 85' lang='lat' dir='ltr'>concludere</span> <span class='ocrx_word' id='word_1_161' title='bbox 1226 2468 1311 2533; x_wconf 91' lang='lat' dir='ltr'>volo.</span> 
     </span>
    </p>
   </div>
   <div class='ocr_carea' id='block_1_3' title="bbox 144 2585 1315 3864">
    <p class='ocr_par' dir='ltr' id='par_1_6' title="bbox 144 2585 1315 3434">
     <span class='ocr_line' id='line_1_21' title="bbox 256 2585 1313 2680; baseline 0.002 -21"><span class='ocrx_word' id='word_1_162' title='bbox 256 2596 374 2673; x_wconf 78' lang='lat'>45,15.</span> <span class='ocrx_word' id='word_1_163' title='bbox 426 2592 459 2680; x_wconf 85' lang='grc'>4)</span> <span class='ocrx_word' id='word_1_164' title='bbox 493 2596 565 2661; x_wconf 77' lang='grc' dir='ltr'><strong><em>τότε</em></strong></span> <span class='ocrx_word' id='word_1_165' title='bbox 598 2585 688 2662; x_wconf 74' lang='grc' dir='ltr'>ὄόῧν</span> <span class='ocrx_word' id='word_1_166' title='bbox 721 2599 779 2662; x_wconf 82' lang='grc' dir='ltr'>τοῦ</span> <span class='ocrx_word' id='word_1_167' title='bbox 812 2596 832 2680; x_wconf 96' lang='grc' dir='ltr'><strong><em>ἡ</em></strong></span> <span class='ocrx_word' id='word_1_168' title='bbox 842 2593 1028 2679; x_wconf 84' lang='grc' dir='ltr'><strong><em>γεμόνος</em></strong></span> <span class='ocrx_word' id='word_1_169' title='bbox 1064 2595 1242 2678; x_wconf 76' lang='grc' dir='ltr'><strong><em>δεξαμένου</em></strong></span> <span class='ocrx_word' id='word_1_170' title='bbox 1276 2591 1313 2660; x_wconf 74' lang='lat' dir='ltr'>cri</span> 
     </span>
     <span class='ocr_line' id='line_1_22' title="bbox 144 2699 1314 2795; baseline -0.008 -23"><span class='ocrx_word' id='word_1_171' title='bbox 144 2708 288 2795; x_wconf 83' lang='grc' dir='ltr'><strong><em>πρᾶγμα</em></strong></span> <span class='ocrx_word' id='word_1_172' title='bbox 313 2725 360 2787; x_wconf 90' lang='lat' dir='ltr'>sq.</span> <span class='ocrx_word' id='word_1_173' title='bbox 408 2700 511 2766; x_wconf 89' lang='lat' dir='ltr'>Hunc</span> <span class='ocrx_word' id='word_1_174' title='bbox 534 2700 645 2765; x_wconf 87' lang='lat' dir='ltr'>locum</span> <span class='ocrx_word' id='word_1_175' title='bbox 668 2721 850 2784; x_wconf 85' lang='lat' dir='ltr'>congruere</span> <span class='ocrx_word' id='word_1_176' title='bbox 874 2720 951 2764; x_wconf 90' lang='lat' dir='ltr'>curn</span> <span class='ocrx_word' id='word_1_177' title='bbox 975 2699 1046 2764; x_wconf 89' lang='lat' dir='ltr'>loco</span> <span class='ocrx_word' id='word_1_178' title='bbox 1070 2699 1222 2778; x_wconf 81' lang='lat'>40,5·-6</span> <span class='ocrx_word' id='word_1_179' title='bbox 1246 2700 1314 2764; x_wconf 90' lang='lat' dir='ltr'>iam</span> 
     </span>
     <span class='ocr_line' id='line_1_23' title="bbox 144 2805 1314 2898; baseline -0.007 -20"><span class='ocrx_word' id='word_1_180' title='bbox 144 2813 289 2898; x_wconf 84' lang='lat' dir='ltr'>exposui</span> <span class='ocrx_word' id='word_1_181' title='bbox 332 2816 394 2896; x_wconf 81' lang='lat' dir='ltr'>[pg.</span> <span class='ocrx_word' id='word_1_182' title='bbox 433 2807 496 2893; x_wconf 75' lang='grc'><strong>26].</strong></span> <span class='ocrx_word' id='word_1_183' title='bbox 567 2808 612 2872; x_wconf 80' lang='lat' dir='ltr'>At</span> <span class='ocrx_word' id='word_1_184' title='bbox 645 2829 722 2872; x_wconf 92' lang='lat' dir='ltr'>curn</span> <span class='ocrx_word' id='word_1_185' title='bbox 756 2807 792 2872; x_wconf 92' lang='lat' dir='ltr'>in</span> <span class='ocrx_word' id='word_1_186' title='bbox 826 2807 974 2872; x_wconf 88' lang='lat' dir='ltr'>oratione</span> <span class='ocrx_word' id='word_1_187' title='bbox 1008 2807 1052 2871; x_wconf 83' lang='lat'>40</span> <span class='ocrx_word' id='word_1_188' title='bbox 1087 2805 1127 2871; x_wconf 91' lang='lat' dir='ltr'>de</span> <span class='ocrx_word' id='word_1_189' title='bbox 1162 2806 1314 2892; x_wconf 87' lang='lat' dir='ltr'>pluribus</span> 
     </span>
     <span class='ocr_line' id='line_1_24' title="bbox 144 2905 1315 3007; baseline -0.008 -20"><span class='ocrx_word' id='word_1_190' title='bbox 144 2922 283 3007; x_wconf 75' lang='grc' dir='ltr'><em>ἡγεμόσι</em></span> <span class='ocrx_word' id='word_1_191' title='bbox 307 2924 469 2997; x_wconf 86' lang='lat' dir='ltr'>narretur,</span> <span class='ocrx_word' id='word_1_192' title='bbox 494 2916 548 2981; x_wconf 92' lang='lat' dir='ltr'>hic</span> <span class='ocrx_word' id='word_1_193' title='bbox 572 2916 613 2980; x_wconf 92' lang='lat' dir='ltr'>de</span> <span class='ocrx_word' id='word_1_194' title='bbox 636 2905 737 2979; x_wconf 88' lang='lat' dir='ltr'>unius</span> <span class='ocrx_word' id='word_1_195' title='bbox 754 2913 967 3000; x_wconf 88' lang='lat' dir='ltr'>potissimum</span> <span class='ocrx_word' id='word_1_196' title='bbox 984 2912 1094 2979; x_wconf 86' lang='lat' dir='ltr'>studio</span> <span class='ocrx_word' id='word_1_197' title='bbox 1110 2912 1213 2979; x_wconf 89' lang='lat' dir='ltr'>verba</span> <span class='ocrx_word' id='word_1_198' title='bbox 1235 2915 1315 2979; x_wconf 77' lang='lat' dir='ltr'>lacit</span> 
     </span>
     <span class='ocr_line' id='line_1_25' title="bbox 144 3019 1315 3112; baseline -0.006 -20"><span class='ocrx_word' id='word_1_199' title='bbox 144 3028 223 3092; x_wconf 93' lang='lat' dir='ltr'>Dio.</span> <span class='ocrx_word' id='word_1_200' title='bbox 271 3027 388 3112; x_wconf 86' lang='lat' dir='ltr'>Neque</span> <span class='ocrx_word' id='word_1_201' title='bbox 413 3030 521 3111; x_wconf 90' lang='lat' dir='ltr'>potest</span> <span class='ocrx_word' id='word_1_202' title='bbox 545 3022 685 3088; x_wconf 86' lang='lat' dir='ltr'>dubium</span> <span class='ocrx_word' id='word_1_203' title='bbox 711 3043 791 3100; x_wconf 88' lang='lat' dir='ltr'>esse,</span> <span class='ocrx_word' id='word_1_204' title='bbox 823 3021 907 3105; x_wconf 91' lang='lat' dir='ltr'>quin</span> <span class='ocrx_word' id='word_1_205' title='bbox 931 3019 949 3086; x_wconf 81' lang='grc' dir='ltr'><em>ὁ</em></span> <span class='ocrx_word' id='word_1_206' title='bbox 973 3019 1104 3108; x_wconf 79' lang='grc' dir='ltr'><strong><em>ἡγεμών</em></strong></span> <span class='ocrx_word' id='word_1_207' title='bbox 1136 3021 1315 3106; x_wconf 87' lang='lat' dir='ltr'>proconsul</span> 
     </span>
     <span class='ocr_line' id='line_1_26' title="bbox 144 3127 1314 3222; baseline -0.005 -24"><span class='ocrx_word' id='word_1_208' title='bbox 144 3133 343 3222; x_wconf 86' lang='lat' dir='ltr'>provinciae</span> <span class='ocrx_word' id='word_1_209' title='bbox 367 3131 547 3218; x_wconf 88' lang='lat' dir='ltr'>Bithyniae</span> <span class='ocrx_word' id='word_1_210' title='bbox 571 3128 778 3216; x_wconf 87' lang='lat' dir='ltr'>praepositus</span> <span class='ocrx_word' id='word_1_211' title='bbox 803 3127 845 3192; x_wconf 90' lang='lat' dir='ltr'>sit</span> <span class='ocrx_word' id='word_1_212' title='bbox 870 3128 918 3210; x_wconf 78' lang='lat' dir='ltr'>[cl.</span> <span class='ocrx_word' id='word_1_213' title='bbox 944 3127 1039 3206; x_wconf 84' lang='lat'>48,1,</span> <span class='ocrx_word' id='word_1_214' title='bbox 1065 3147 1142 3192; x_wconf 86' lang='lat' dir='ltr'>cum</span> <span class='ocrx_word' id='word_1_215' title='bbox 1159 3149 1226 3213; x_wconf 90' lang='lat' dir='ltr'>quo</span> <span class='ocrx_word' id='word_1_216' title='bbox 1243 3127 1314 3193; x_wconf 91' lang='lat' dir='ltr'>loco</span> 
     </span>
     <span class='ocr_line' id='line_1_27' title="bbox 144 3233 1314 3324; baseline -0.007 -18"><span class='ocrx_word' id='word_1_217' title='bbox 144 3243 205 3306; x_wconf 90' lang='lat' dir='ltr'>hic</span> <span class='ocrx_word' id='word_1_218' title='bbox 229 3240 319 3306; x_wconf 89' lang='lat' dir='ltr'>locus</span> <span class='ocrx_word' id='word_1_219' title='bbox 344 3241 379 3304; x_wconf 92' lang='lat' dir='ltr'>in</span> <span class='ocrx_word' id='word_1_220' title='bbox 403 3261 441 3304; x_wconf 89' lang='lat' dir='ltr'>ea</span> <span class='ocrx_word' id='word_1_221' title='bbox 464 3259 599 3324; x_wconf 90' lang='lat' dir='ltr'>quoque</span> <span class='ocrx_word' id='word_1_222' title='bbox 623 3258 657 3302; x_wconf 91' lang='lat' dir='ltr'>re</span> <span class='ocrx_word' id='word_1_223' title='bbox 674 3235 837 3321; x_wconf 85' lang='lat' dir='ltr'>congruit,</span> <span class='ocrx_word' id='word_1_224' title='bbox 862 3233 952 3320; x_wconf 94' lang='lat' dir='ltr'>quod</span> <span class='ocrx_word' id='word_1_225' title='bbox 977 3241 1009 3298; x_wconf 91' lang='lat' dir='ltr'>et</span> <span class='ocrx_word' id='word_1_226' title='bbox 1031 3234 1086 3299; x_wconf 89' lang='lat' dir='ltr'>hic</span> <span class='ocrx_word' id='word_1_227' title='bbox 1109 3240 1142 3299; x_wconf 90' lang='lat' dir='ltr'>et</span> <span class='ocrx_word' id='word_1_228' title='bbox 1159 3235 1224 3299; x_wconf 89' lang='lat' dir='ltr'>illic</span> <span class='ocrx_word' id='word_1_229' title='bbox 1241 3255 1314 3300; x_wconf 87' lang='lat' dir='ltr'>con-</span> 
     </span>
     <span class='ocr_line' id='line_1_28' title="bbox 145 3341 1080 3434; baseline -0.011 -19"><span class='ocrx_word' id='word_1_230' title='bbox 145 3349 251 3415; x_wconf 89' lang='lat' dir='ltr'>tionis</span> <span class='ocrx_word' id='word_1_231' title='bbox 274 3347 471 3434; x_wconf 88' lang='lat' dir='ltr'>proconsule</span> <span class='ocrx_word' id='word_1_232' title='bbox 495 3352 628 3410; x_wconf 90' lang='lat' dir='ltr'>auctore</span> <span class='ocrx_word' id='word_1_233' title='bbox 652 3348 852 3409; x_wconf 86' lang='lat' dir='ltr'>convocatae</span> <span class='ocrx_word' id='word_1_234' title='bbox 876 3341 1001 3406; x_wconf 88' lang='lat' dir='ltr'>mentio</span> <span class='ocrx_word' id='word_1_235' title='bbox 1024 3341 1080 3424; x_wconf 77' lang='lat' dir='ltr'>fitl.</span> 
     </span>
    </p>

    <p class='ocr_par' dir='ltr' id='par_1_7' title="bbox 145 3445 1315 3864">
     <span class='ocr_line' id='line_1_29' title="bbox 257 3445 1314 3543; baseline -0.009 -22"><span class='ocrx_word' id='word_1_236' title='bbox 257 3455 289 3543; x_wconf 77' lang='lat'>5)</span> <span class='ocrx_word' id='word_1_237' title='bbox 313 3456 439 3520; x_wconf 88' lang='lat' dir='ltr'>Locum</span> <span class='ocrx_word' id='word_1_238' title='bbox 462 3454 515 3531; x_wconf 83' lang='lat'>49,</span> <span class='ocrx_word' id='word_1_239' title='bbox 527 3454 561 3518; x_wconf 80' lang='lat'>2:</span> <span class='ocrx_word' id='word_1_240' title='bbox 587 3449 668 3520; x_wconf 74' lang='grc' dir='ltr'><strong><em>ὥστε</em></strong></span> <span class='ocrx_word' id='word_1_241' title='bbox 691 3455 782 3541; x_wconf 78' lang='grc' dir='ltr'><strong><em>κακῷ</em></strong></span> <span class='ocrx_word' id='word_1_242' title='bbox 804 3459 866 3536; x_wconf 81' lang='grc' dir='ltr'>μὲν</span> <span class='ocrx_word' id='word_1_243' title='bbox 882 3445 903 3534; x_wconf 97' lang='grc' dir='ltr'><strong><em>ἡ</em></strong></span> <span class='ocrx_word' id='word_1_244' title='bbox 912 3477 932 3532; x_wconf 91' lang='grc' dir='ltr'><strong><em>γ</em></strong></span> <span class='ocrx_word' id='word_1_245' title='bbox 944 3477 992 3536; x_wconf 86' lang='grc' dir='ltr'>εμ</span> <span class='ocrx_word' id='word_1_246' title='bbox 1005 3451 1082 3516; x_wconf 76' lang='grc' dir='ltr'>όνν</span> <span class='ocrx_word' id='word_1_247' title='bbox 1097 3471 1144 3534; x_wconf 92' lang='lat' dir='ltr'>sq.</span> <span class='ocrx_word' id='word_1_248' title='bbox 1164 3469 1205 3512; x_wconf 88' lang='lat' dir='ltr'>ex</span> <span class='ocrx_word' id='word_1_249' title='bbox 1221 3469 1314 3533; x_wconf 88' lang='lat' dir='ltr'>argu-</span> 
     </span>
     <span class='ocr_line' id='line_1_30' title="bbox 145 3554 1315 3644; baseline -0.008 -13"><span class='ocrx_word' id='word_1_250' title='bbox 145 3563 354 3631; x_wconf 86' lang='lat' dir='ltr'>mentatione</span> <span class='ocrx_word' id='word_1_251' title='bbox 386 3559 529 3640; x_wconf 90' lang='lat' dir='ltr'>secludo,</span> <span class='ocrx_word' id='word_1_252' title='bbox 564 3559 644 3644; x_wconf 88' lang='lat' dir='ltr'>quia</span> <span class='ocrx_word' id='word_1_253' title='bbox 680 3557 896 3622; x_wconf 78' lang='lat' dir='ltr'>manifestum</span> <span class='ocrx_word' id='word_1_254' title='bbox 921 3562 970 3620; x_wconf 89' lang='lat' dir='ltr'>est</span> <span class='ocrx_word' id='word_1_255' title='bbox 1004 3556 1158 3621; x_wconf 86' lang='lat' dir='ltr'>voculam</span> <span class='ocrx_word' id='word_1_256' title='bbox 1183 3554 1315 3644; x_wconf 81' lang='grc' dir='ltr'><strong><em>ἡγεμόνι</em></strong></span> 
     </span>
     <span class='ocr_line' id='line_1_31' title="bbox 146 3662 1314 3760; baseline -0.009 -23"><span class='ocrx_word' id='word_1_257' title='bbox 146 3669 329 3760; x_wconf 88' lang='lat' dir='ltr'>principali</span> <span class='ocrx_word' id='word_1_258' title='bbox 347 3667 589 3755; x_wconf 83' lang='lat' dir='ltr'>significatione</span> <span class='ocrx_word' id='word_1_259' title='bbox 606 3662 756 3730; x_wconf 89' lang='lat' dir='ltr'>adhiberi</span> <span class='ocrx_word' id='word_1_260' title='bbox 772 3663 812 3729; x_wconf 91' lang='lat' dir='ltr'>de</span> <span class='ocrx_word' id='word_1_261' title='bbox 829 3685 877 3740; x_wconf 87' lang='lat' dir='ltr'>ec,</span> <span class='ocrx_word' id='word_1_262' title='bbox 906 3663 965 3747; x_wconf 92' lang='lat' dir='ltr'>qui</span> <span class='ocrx_word' id='word_1_263' title='bbox 981 3663 1144 3749; x_wconf 88' lang='lat' dir='ltr'>populum</span> <span class='ocrx_word' id='word_1_264' title='bbox 1170 3662 1314 3741; x_wconf 90' lang='lat' dir='ltr'>ducit,</span> 
     </span>
     <span class='ocr_line' id='line_1_32' title="bbox 146 3768 1313 3864; baseline -0.01 -18"><span class='ocrx_word' id='word_1_265' title='bbox 146 3802 229 3846; x_wconf 90' lang='lat' dir='ltr'>cum</span> <span class='ocrx_word' id='word_1_266' title='bbox 246 3777 422 3864; x_wconf 85' lang='lat' dir='ltr'>praecedat</span> <span class='ocrx_word' id='word_1_267' title='bbox 445 3775 636 3859; x_wconf 88' lang='lat' dir='ltr'>exemplum</span> <span class='ocrx_word' id='word_1_268' title='bbox 653 3771 735 3837; x_wconf 92' lang='lat' dir='ltr'>illud</span> <span class='ocrx_word' id='word_1_269' title='bbox 752 3770 883 3856; x_wconf 89' lang='lat' dir='ltr'>equitis,</span> <span class='ocrx_word' id='word_1_270' title='bbox 900 3770 959 3855; x_wconf 94' lang='lat' dir='ltr'>qui</span> <span class='ocrx_word' id='word_1_271' title='bbox 976 3791 1100 3854; x_wconf 90' lang='lat' dir='ltr'>equum</span> <span class='ocrx_word' id='word_1_272' title='bbox 1113 3768 1313 3834; x_wconf 87' lang='lat' dir='ltr'>moderatur.</span> 
     </span>
    </p>
   </div>
   <div class='ocr_carea' id='block_1_4' title="bbox 145 4000 1316 4635">
    <p class='ocr_par' dir='ltr' id='par_1_8' title="bbox 145 4000 1316 4635">
     <span class='ocr_line' id='line_1_33' title="bbox 257 4000 1316 4094; baseline -0.01 -18"><span class='ocrx_word' id='word_1_273' title='bbox 257 4011 298 4076; x_wconf 89' lang='lat' dir='ltr'>II.</span> <span class='ocrx_word' id='word_1_274' title='bbox 345 4008 487 4094; x_wconf 82' lang='lat' dir='ltr'>Saepius</span> <span class='ocrx_word' id='word_1_275' title='bbox 516 4005 636 4092; x_wconf 88' lang='lat' dir='ltr'>plurali</span> <span class='ocrx_word' id='word_1_276' title='bbox 660 4025 800 4070; x_wconf 88' lang='lat' dir='ltr'>numero</span> <span class='ocrx_word' id='word_1_277' title='bbox 832 4003 915 4068; x_wconf 88' lang='lat' dir='ltr'>haec</span> <span class='ocrx_word' id='word_1_278' title='bbox 946 4023 1013 4068; x_wconf 91' lang='lat' dir='ltr'>vox</span> <span class='ocrx_word' id='word_1_279' title='bbox 1046 4000 1197 4066; x_wconf 88' lang='lat' dir='ltr'>occurrit.</span> <span class='ocrx_word' id='word_1_280' title='bbox 1243 4000 1316 4066; x_wconf 89' lang='lat' dir='ltr'>Iam</span> 
     </span>
     <span class='ocr_line' id='line_1_34' title="bbox 145 4107 1315 4206; baseline -0.013 -18"><span class='ocrx_word' id='word_1_281' title='bbox 145 4118 281 4189; x_wconf 81' lang='lat' dir='ltr'>verosi</span> <span class='ocrx_word' id='word_1_282' title='bbox 316 4114 447 4206; x_wconf 76' lang='grc' dir='ltr'><strong><em>ἡγεμών</em></strong></span> <span class='ocrx_word' id='word_1_283' title='bbox 482 4120 531 4180; x_wconf 91' lang='lat' dir='ltr'>est</span> <span class='ocrx_word' id='word_1_284' title='bbox 566 4111 753 4198; x_wconf 89' lang='lat' dir='ltr'>proconsul,</span> <span class='ocrx_word' id='word_1_285' title='bbox 789 4111 945 4199; x_wconf 74' lang='grc' dir='ltr'>ἡγεμόνες</span> <span class='ocrx_word' id='word_1_286' title='bbox 979 4107 1125 4193; x_wconf 89' lang='lat' dir='ltr'>proclive</span> <span class='ocrx_word' id='word_1_287' title='bbox 1160 4114 1210 4172; x_wconf 91' lang='lat' dir='ltr'>est</span> <span class='ocrx_word' id='word_1_288' title='bbox 1244 4129 1315 4174; x_wconf 87' lang='lat' dir='ltr'>esse</span> 
     </span>
     <span class='ocr_line' id='line_1_35' title="bbox 145 4214 1315 4316; baseline -0.011 -24"><span class='ocrx_word' id='word_1_289' title='bbox 145 4225 374 4316; x_wconf 89' lang='lat' dir='ltr'>proconsules.</span> <span class='ocrx_word' id='word_1_290' title='bbox 422 4221 527 4307; x_wconf 81' lang='lat' dir='ltr'>Atqui</span> <span class='ocrx_word' id='word_1_291' title='bbox 563 4241 650 4285; x_wconf 92' lang='lat' dir='ltr'>unus</span> <span class='ocrx_word' id='word_1_292' title='bbox 683 4224 733 4283; x_wconf 89' lang='lat' dir='ltr'>est</span> <span class='ocrx_word' id='word_1_293' title='bbox 767 4216 945 4302; x_wconf 89' lang='lat' dir='ltr'>proconsul</span> <span class='ocrx_word' id='word_1_294' title='bbox 969 4214 1156 4300; x_wconf 90' lang='lat' dir='ltr'>Bithyniae.</span> <span class='ocrx_word' id='word_1_295' title='bbox 1204 4215 1315 4291; x_wconf 76' lang='lat' dir='ltr'>Quare</span> 
     </span>
     <span class='ocr_line' id='line_1_36' title="bbox 146 4319 1315 4422; baseline -0.013 -22"><span class='ocrx_word' id='word_1_296' title='bbox 146 4324 177 4402; x_wconf 81' lang='lat' dir='ltr'>si</span> <span class='ocrx_word' id='word_1_297' title='bbox 203 4331 358 4422; x_wconf 80' lang='grc' dir='ltr'><strong><em>ἡγεμόνες</em></strong></span> <span class='ocrx_word' id='word_1_298' title='bbox 375 4329 607 4415; x_wconf 86' lang='lat' dir='ltr'>respiciuntur,</span> <span class='ocrx_word' id='word_1_299' title='bbox 632 4319 759 4391; x_wconf 88' lang='lat' dir='ltr'>nonde</span> <span class='ocrx_word' id='word_1_300' title='bbox 776 4323 873 4390; x_wconf 89' lang='lat' dir='ltr'>certis</span> <span class='ocrx_word' id='word_1_301' title='bbox 888 4321 1083 4388; x_wconf 90' lang='lat' dir='ltr'>hominibus</span> <span class='ocrx_word' id='word_1_302' title='bbox 1099 4320 1315 4406; x_wconf 82' lang='lat' dir='ltr'>cogitandum</span> 
     </span>
     <span class='ocr_line' id='line_1_37' title="bbox 147 4428 1315 4522; baseline -0.013 -14"><span class='ocrx_word' id='word_1_303' title='bbox 147 4442 222 4519; x_wconf 87' lang='lat' dir='ltr'>erit,</span> <span class='ocrx_word' id='word_1_304' title='bbox 259 4439 317 4506; x_wconf 90' lang='lat' dir='ltr'>sed</span> <span class='ocrx_word' id='word_1_305' title='bbox 352 4437 393 4503; x_wconf 90' lang='lat' dir='ltr'>de</span> <span class='ocrx_word' id='word_1_306' title='bbox 427 4437 500 4522; x_wconf 89' lang='lat' dir='ltr'>ipso</span> <span class='ocrx_word' id='word_1_307' title='bbox 535 4434 741 4520; x_wconf 85' lang='lat' dir='ltr'>magistratu,</span> <span class='ocrx_word' id='word_1_308' title='bbox 771 4435 903 4518; x_wconf 51' lang='lat' dir='ltr'>¹utpote</span> <span class='ocrx_word' id='word_1_309' title='bbox 938 4451 1005 4514; x_wconf 90' lang='lat' dir='ltr'>quo</span> <span class='ocrx_word' id='word_1_310' title='bbox 1039 4429 1123 4496; x_wconf 88' lang='lat' dir='ltr'>varii</span> <span class='ocrx_word' id='word_1_311' title='bbox 1159 4428 1315 4513; x_wconf 86' lang='lat' dir='ltr'>deinceps</span> 
     </span>
     <span class='ocr_line' id='line_1_38' title="bbox 147 4535 1313 4635; baseline -0.014 -19"><span class='ocrx_word' id='word_1_312' title='bbox 147 4551 340 4635; x_wconf 82' lang='lat' dir='ltr'>funguntur</span> <span class='ocrx_word' id='word_1_313' title='bbox 362 4545 526 4611; x_wconf 87' lang='lat' dir='ltr'>homines.</span> <span class='ocrx_word' id='word_1_314' title='bbox 585 4543 678 4619; x_wconf 77' lang='lat' dir='ltr'>Quae</span> <span class='ocrx_word' id='word_1_315' title='bbox 701 4539 929 4625; x_wconf 87' lang='lat' dir='ltr'>interpretatio</span> <span class='ocrx_word' id='word_1_316' title='bbox 952 4535 1139 4601; x_wconf 87' lang='lat' dir='ltr'>admittitur</span> <span class='ocrx_word' id='word_1_317' title='bbox 1161 4537 1313 4609; x_wconf 79' lang='lat' dir='ltr'>fortasse:</span> 
     </span>
    </p>
   </div>
   <div class='ocr_carea' id='block_1_5' title="bbox 0 0 1626 5312">
    <p class='ocr_par' dir='ltr' id='par_1_9' title="bbox 0 0 1626 5312">
     <span class='ocr_line' id='line_1_39' title="bbox 0 0 1626 5312; baseline 0 0"><span class='ocrx_word' id='word_1_318' title='bbox 0 0 1626 5312; x_wconf 95' lang='lat' dir='ltr'> </span> 
     </span>
    </p>
   </div>
  </div>
 </body>
</html>
