3234 5312
776 279 971 344 -8-

295 478 408 563 paullo
444 477 630 542 accuratius
654 475 942 542 circumscribitur.
991 475 1101 551 Quare
1137 473 1217 558 quia
1251 478 1369 537 notum
1404 476 1453 536 est

298 585 414 670 [Marq.
439 607 493 669 pg.
519 583 592 670 357]
619 584 706 648 hanc
729 604 846 648 vocem
869 603 969 647 sensu
992 581 1089 648 valde
1113 580 1244 646 diverso
1268 579 1452 644 adhibitam

295 712 367 756 esse
391 713 411 756 a
434 689 703 776 provincialibus,
739 689 851 776 paullo
875 689 1061 754 accuratius
1095 686 1337 773 interpretabor
1371 687 1452 752 haec

295 797 405 864 verba.

401 923 585 987 Enumerat
615 928 728 986 autem
751 922 814 985 Dio
837 921 892 986 hic
915 921 1061 1006 primurn
1086 942 1124 985 ea
1150 919 1324 1005 privilegia
1339 925 1453 1004 utpote

295 1031 417 1107 futura,
442 1029 587 1114 quaein
618 1029 766 1093 oratione
800 1029 843 1093 40
878 1029 1024 1113 perfecta
1058 1049 1128 1092 esse
1163 1026 1319 1092 vidimus.
1366 1026 1453 1090 Nam

295 1136 442 1222 primum
466 1135 506 1200 de
529 1135 760 1200 constituendo
792 1142 908 1200 senatu
938 1133 1018 1199 dicit
1051 1146 1106 1201 καὶ
1138 1139 1194 1202 τοῦ
1217 1131 1365 1221 πλήθους
1388 1141 1454 1201 τοῖν

295 1247 487 1323 βουλευτῶν.
523 1242 652 1307 Deinde
676 1248 861 1327 sequuntur
895 1241 1017 1306 iudicia
1052 1241 1240 1306 domestica.
1274 1239 1454 1332 πράγματα

295 1350 387 1415 enim
411 1350 567 1415 hocloco
603 1372 672 1414 non
708 1349 748 1414 de
783 1349 939 1415 universa
962 1348 1248 1413 administratione
1272 1347 1360 1414 dicta
1383 1371 1454 1414 esse

294 1457 372 1521 inde
414 1462 513 1542 patet,
558 1457 649 1542 quod
683 1456 724 1521 de
755 1478 793 1521 ea
822 1462 854 1521 et
887 1457 923 1521 in
958 1455 1166 1520 antecedenti
1202 1462 1234 1521 et
1263 1456 1454 1542 insequenti

296 1563 460 1649 particula
483 1564 670 1648 exponitur.
717 1566 812 1654 τταροὶ
846 1590 909 1630 τινι
944 1569 1054 1627 autem
1091 1563 1223 1648 proprie
1258 1562 1379 1628 dicitur
1413 1563 1453 1628 de

294 1671 344 1749 iis,
369 1671 428 1756 qui
452 1671 492 1735 de
508 1671 620 1755 aliquo
636 1670 793 1735 iudicant.
841 1671 1022 1760 πράγματα
1046 1669 1148 1754 igitur
1163 1669 1226 1734 hoc
1249 1670 1320 1735 loco
1335 1691 1454 1736 causae

295 1784 382 1854 sunt,
407 1799 494 1862 quae
517 1779 588 1842 foro
612 1778 769 1842 Prusensi
793 1777 1008 1842 subiciantur.

401 1903 554 1988 Denique
578 1901 670 1966 addit
685 1903 767 1967 Dio:
792 1914 848 1970 καὶ
870 1911 926 1990 τῆς
943 1903 1132 1993 ἐλευθερίας
1148 1902 1257 1990 αὐτῆς.
1305 1901 1455 1968 Libertas

294 2010 396 2095 igitur
419 2017 456 2074 ut
479 2016 637 2095 quartum
661 2015 760 2094 atque
791 2031 961 2074 summum
992 2009 1205 2096 privilegium
1229 2008 1388 2074 accedens
1412 2009 1455 2074 ad

294 2116 526 2202 praecedentia
560 2117 694 2202 propria
728 2115 791 2181 hoc
825 2117 896 2181 loco
931 2124 1091 2202 usurpata
1125 2119 1174 2180 est
1204 2115 1452 2201 significatione.

296 2223 459 2289 Videmus
483 2224 571 2288 enim
607 2223 774 2289 civitatem
810 2224 886 2288 licet
912 2223 1219 2300 administrationis
1243 2222 1454 2302 iudiciorum,

295 2329 507 2414 vectigalium
532 2329 628 2394 donis
651 2336 803 2395 ornatam
826 2337 940 2395 tamen
963 2329 1113 2394 libertate
1136 2351 1268 2414 posse
1290 2350 1452 2394 carere.

297 2437 347 2501 De
371 2437 434 2501 hac
457 2457 535 2502 vero
559 2436 773 2522 adipiscenda
801 2436 954 2502 videmus
982 2437 1094 2522 ipsum
1118 2437 1261 2500 Dionem
1284 2435 1451 2515 dubitare;

295 2545 336 2608 ct.
364 2543 405 2608 de
428 2543 480 2608 his
503 2542 602 2608 rebus
625 2544 731 2628 Marq.
756 2545 830 2622 355,
855 2545 907 2609 56.
954 2543 1072 2628 Neque
1095 2565 1173 2609 vero
1197 2543 1312 2627 negari
1346 2550 1454 2628 potest

295 2651 385 2716 hunc
408 2650 517 2715 locum
543 2650 688 2735 quodam
712 2650 812 2715 modo
829 2651 1032 2716 contrarium
1049 2672 1119 2715 esse
1144 2649 1309 2736 prioribus
1336 2651 1375 2732 [5.
1392 2652 1452 2733 101,

295 2757 331 2821 in
355 2755 477 2842 quibus
501 2756 542 2821 ad
566 2757 803 2843 acquirendam
827 2757 1012 2822 libertatem
1037 2757 1255 2822 admonuerat
1278 2758 1366 2822 cives
1379 2757 1452 2822 Dio.

297 2864 395 2928 Nunc
419 2864 508 2928 enirn
533 2885 566 2928 se
589 2864 660 2948 ipse
685 2865 818 2949 corrigit
841 2871 874 2929 et
896 2885 938 2928 ne
969 2865 1070 2929 nimis
1094 2864 1213 2950 cupide
1237 2864 1377 2929 adeam
1400 2864 1454 2929 ad-

297 2971 423 3055 spirent
458 2971 545 3036 cives
580 2971 731 3035 hortatur
765 2993 870 3056 eaque
905 2971 994 3036 bona
1028 2973 1217 3056 praeferant
1246 2978 1284 3036 ut
1307 2971 1453 3048 meliora,

297 3100 383 3163 quae
406 3078 442 3142 in
465 3078 586 3143 virtute
610 3079 718 3164 posita
741 3079 815 3144 sint.
842 3117 885 3126 -
908 3079 959 3142 Ex
984 3078 1106 3163 quibus
1136 3078 1293 3144 omnibus
1316 3084 1455 3164 apparet

298 3193 329 3250 et
360 3185 533 3270 privilegia
567 3192 640 3250 tum
672 3185 824 3250 nondum
859 3186 995 3271 adeptos
1030 3207 1101 3250 esse
1136 3186 1315 3250 Prusenses
1351 3192 1383 3251 et
1414 3185 1455 3250 de

297 3291 507 3376 acquirendis
531 3292 577 3356 eis
602 3291 742 3357 dubium
766 3315 836 3358 esse
862 3293 1011 3357 Dionem.
1058 3293 1175 3378 Itaque
1192 3293 1295 3357 oratio
1312 3293 1355 3356 44
1379 3299 1455 3358 ante

298 3399 482 3464 orationem
504 3399 547 3463 40
570 3398 684 3463 habita
707 3407 764 3464 est.

404 3523 461 3586 ΠΙ.
499 3523 606 3588 Venio
630 3545 720 3588 nunc
744 3524 993 3589 adorationem
1019 3525 1070 3604 45,
1095 3525 1130 3590 in
1154 3525 1249 3590 cuius
1273 3524 1368 3590 initio
1393 3525 1456 3589 Dio

298 3630 339 3695 de
362 3629 449 3695 vitae
473 3651 551 3694 suae
582 3629 734 3714 publicae
769 3631 1041 3716 occupationibus
1070 3632 1232 3697 rationem
1257 3631 1455 3710 redditurus,

299 3743 478 3822 postquam
512 3737 619 3801 exsilii
653 3744 785 3823 tempus
829 3738 973 3805 breviter
1013 3740 1129 3826 tetigit,
1166 3739 1325 3825 queritur,
1366 3739 1457 3824 quod

298 3845 409 3910 Nerva
426 3851 585 3928 regnante
600 3845 798 3930 gravissimo
814 3846 930 3910 morbo
947 3846 1127 3932 impeditus
1143 3847 1251 3926 fuerit,
1276 3847 1457 3933 quominus

298 3951 516 4016 Prusensium
539 3952 722 4017 commodis
745 3953 929 4032 inserviret,
954 3975 1032 4019 cum
1055 3954 1162 4019 dicat:

404 4057 479 4140 45‚3
528 4057 557 4144 1)
581 4051 629 4126 e‘v
651 4059 714 4150 γάρ
738 4065 798 4129 νῦν
821 4062 986 4148 ἐτύχομεν,
1022 4063 1096 4128 τότε
1125 4063 1203 4148 ἐξῆν
1234 4069 1340 4130 ταῦτα
1371 4063 1458 4142 ἔχειν

299 4177 354 4233 καὶ
377 4169 424 4253 τῷ
446 4167 588 4255 παρόντι
612 4173 717 4257 καιρῷ
740 4169 822 4253 πρὸς
845 4174 958 4258 ἑτέρας
981 4173 1162 4258 κεχρῆσθαι
1186 4169 1316 4259 δωρεάς.

406 4489 479 4554 45‚3.
515 4490 539 4540 2.
558 4491 716 4557 κεχρησθυι,
736 4493 867 4558 κεχρῆσθε
885 4487 924 4542 Μ.
