3234 5312
785 365 1007 431 ...48-

316 566 372 630 τοῦ
396 563 478 651 πρὸς
501 563 559 646 ἐμὲ
582 575 693 645 μίσους
711 583 717 594 ·
735 568 788 630 ἵνα
813 564 856 648 μή
882 566 961 646 λέγω
986 563 1042 631 τοῦ
1066 559 1146 649 πρδς
1169 565 1258 648 apag
1276 584 1281 594 ·
1299 559 1342 643 aig
1374 562 1481 631 οὐκέτι

313 671 502 755 ἀμφιβόλως
525 669 604 735 οὐδὲ
626 671 740 761 πρᾴως
763 671 869 758 teoto
899 681 954 737 καὶ
987 669 1239 756 λοιδορήσονται,
1272 677 1417 758 φανεροῖς
1441 671 1480 734 δὲ

313 787 369 842 καὶ
394 776 554 865 ἄντικρυς,
573 774 637 844 κᾶν
652 777 696 863 μή
710 780 851 844 κωλῦσαι
867 779 1064 864 δυνηθῶσιν,
1082 776 1290 861 ἀπάγξονται
1309 779 1479 865 πρότερον,

313 879 334 970 ἢ
356 881 415 970 τήν
438 884 537 951 πόλιν
559 886 650 960 ἰδεῖν,
676 889 751 952 οἵαν
774 879 880 970 odric
894 887 1101 969 βουλομένων
1118 888 1210 950 θεῶν
1235 887 1291 952 οὐκ
1309 877 1481 953 α’δδνατον

315 998 486 1072 γενέσθαι.

424 1096 517 1162 Haec
541 1096 643 1162 verba
666 1097 709 1161 ad
734 1099 980 1182 synoecisrnum
1006 1119 1043 1163 eo
1067 1103 1217 1183 tempore
1234 1097 1383 1162 nondum
1408 1119 1481 1183 per·

314 1203 437 1267 tectum
451 1203 624 1268 referenda
640 1225 711 1268 esse
723 1204 791 1268 iam
808 1225 910 1290 supra
928 1205 991 1290 [pg.
1008 1206 1060 1288 25]
1080 1205 1186 1269 docui.
1221 1206 1330 1280 Quam
1344 1210 1482 1290 propter

314 1331 383 1374 rem
409 1310 472 1374 Dio
496 1332 530 1374 se
555 1310 596 1376 ab
621 1311 819 1377 adversariis
842 1311 999 1395 ambigue
1024 1311 1160 1397 quidem
1184 1318 1216 1377 et
1239 1318 1412 1378 mansuete
1428 1332 1481 1376 ae-

314 1417 422 1481 cusari
446 1416 533 1482 dicit.
582 1418 699 1504 Neque
723 1419 813 1482 enim
837 1425 970 1504 apertae
993 1419 1187 1484 inimicitiae
1211 1440 1312 1484 eausa
1335 1419 1481 1484 inveniri

315 1530 453 1608 poterat,
470 1544 548 1588 oum
564 1525 628 1589 Dio
646 1526 692 1589 rei
709 1526 913 1590 mentionem
931 1533 1062 1590 tantum
1079 1526 1204 1591 faciens
1220 1527 1255 1590 in
1273 1525 1482 1591 orationibus

315 1637 403 1696 certa
427 1630 592 1716 quaedam
616 1653 684 1697 non
707 1632 924 1716 impetrasset.
961 1633 1146 1698 Verebatur
1162 1655 1250 1711 vero,
1267 1655 1309 1698 ne
1333 1633 1482 1719 perfecto

316 1738 525 1823 synoeoismo
549 1746 685 1824 propter
707 1739 839 1804 illorum
865 1739 1109 1825 malignitatem
1132 1740 1348 1825 gravissimas
1370 1740 1482 1804 inimi-

314 1845 408 1909 citias
432 1845 543 1930 paulam
568 1853 782 1931 suscepturus
806 1853 899 1912 esset.
933 1847 1007 1912 Hoc
1033 1869 1167 1932 quoque
1190 1846 1271 1926 loeo,
1298 1853 1334 1912 ut
1357 1846 1390 1911 in
1409 1868 1482 1912 ora-

314 1950 461 2016 tionibus
485 1953 529 2017 40
552 1960 585 2018 et
606 1954 659 2032 43,
685 1953 892 2019 adversarios
928 1975 1005 2019 suos
1037 1955 1162 2039 patriae
1194 1955 1294 2019 etiam
1326 1953 1483 2020 inimicos

315 2079 385 2123 esse
418 2059 597 2138 contendit,
627 2061 707 2144 quia
734 2061 895 2124 nimirum
926 2061 1098 2146 augendae
1130 2061 1317 2127 auctoritati
1352 2062 1482 2146 patriae

314 2164 499 2231 obstabant.
540 2167 736 2231 Rectissime
760 2189 838 2232 vero
862 2167 1006 2232 Dionem
1030 2168 1070 2233 de
1094 2168 1291 2235 adversariis
1315 2167 1483 2233 iudicasse

315 2293 356 2336 ex
380 2274 527 2337 oratione
551 2273 593 2338 43
625 2274 842 2340 manifestum
866 2282 924 2353 est,
959 2297 1090 2361 exque
1120 2275 1298 2340 didicimus
1336 2275 1483 2340 Dionem

317 2381 474 2465 periecto,
500 2387 537 2445 ut
559 2381 700 2448 videtur.
726 2382 933 2466 synoecismo
957 2383 1068 2468 palam
1092 2383 1183 2468 apud
1210 2389 1363 2448 senatum
1388 2402 1484 2446 aceu-

315 2494 425 2551 satum
449 2509 527 2553 esse.

420 2593 537 2680 Itaque
561 2595 623 2660 hac
647 2617 782 2681 quoque
807 2597 954 2662 oratione
991 2619 1029 2662 ea
1052 2599 1301 2675 confirmantur,
1326 2615 1411 2682 quae
1436 2617 1482 2660 ex

315 2701 542 2786 superioribus
566 2702 706 2782 elucent,
731 2724 807 2768 cum
826 2704 902 2783 45,ss
919 2703 1117 2791 respondeat
1135 2705 1293 2769 orationis
1317 2704 1360 2768 40
1375 2703 1419 2789 ἐξ
1438 2705 1480 2766 11

316 2815 348 2872 et
368 2809 417 2886 12,
444 2809 542 2887 45,15
557 2830 635 2875 vero
659 2810 817 2876 orationis
829 2811 872 2874 43
885 2813 1041 2876 extremis
1053 2811 1271 2897 paragraphis
1286 2811 1481 2876 illustretur.

423 2915 463 2980 V.
489 2915 657 2982 Orationis
680 2917 722 2980 47
747 2917 835 2982 locos
851 2919 917 2982 huo
934 2919 1136 3003 pertinentes
1153 2917 1332 3004 plurimam
1349 2923 1483 3002 partem

316 3023 383 3087 iarn
420 3022 460 3087 de
495 3022 622 3088 meritis
657 3025 774 3089 Dionis
809 3025 984 3110 disputans
1019 3025 1190 3092 illustravi.
1245 3026 1355 3103 Quare
1390 3022 1483 3088 locos

317 3131 526 3195 enumeranti
550 3152 658 3216 pauca
680 3130 863 3197 admodum
887 3132 969 3196 rnihi
994 3132 1148 3197 addenda
1170 3139 1277 3198 erunt.

425 3238 478 3315 47,
489 3239 518 3302 8.
558 3238 587 3323 l)
603 3240 664 3321 ἐγώ
682 3240 745 3330 γαρ
761 3241 903 3333 ἡψάμην
919 3242 1111 3328 πράγματος
1128 3262 1175 3325 sq.
1195 3261 1225 3306 v.
1243 3260 1344 3325 supra
1357 3260 1409 3324 pg.
1425 3238 1481 3303 28.

423 3347 561 3432 Ἀηδίας,
587 3346 627 3409 de
652 3367 720 3430 qua
744 3346 806 3410 Dio
831 3347 990 3431 queritur,
1016 3347 1230 3433 praecipuam
1263 3352 1391 3432 partem
1425 3345 1482 3410 ad-

323 3450 546 3516 versariorum
569 3452 761 3517 inimicitias
785 3453 888 3518 fuisse
912 3454 991 3519 satis
1014 3460 1108 3519 const
1130 3461 1150 3518 t.
1199 3453 1248 3518 Cf.
1273 3454 1357 3532 40‚8
1381 3473 1429 3537 sq.

427 3577 479 3654 47,
491 3577 539 3640 ll.
588 3578 619 3664 2)
645 3576 710 3646 ιιδν
725 3576 828 3664 μόνον
844 3582 908 3664 εἶχε
926 3602 973 3664 sq.
993 3602 1022 3644 v.
1041 3601 1141 3664 supra
1157 3601 1210 3664 pg.
1226 3580 1268 3642 ‘28
1282 3585 1313 3644 et
1336 3579 1375 3645 ci.
1393 3577 1483 3654 40,8.

425 3683 540 3762 47,12.
588 3684 619 3771 3)
643 3683 781 3776 πότερον
804 3689 962 3753 καθελεῖν
984 3715 1026 3770 με·
1048 3708 1078 3752 v.
1105 3706 1205 3771 supra
1229 3707 1282 3771 pg.
1310 3685 1361 3749 29.

426 3808 542 3887 47,16.
590 3809 622 3896 4)
645 3813 754 3884 καλῶς
787 3822 832 3896 με
862 3838 910 3890 τις
945 3812 1072 3899 αἠδόνα
1113 3811 1172 3898 ἔφη
1216 3812 1282 3878 τῶν
1323 3817 1486 3896 σοφιστῶν

320 3918 505 4005 λοιδορῆσαι
538 3914 825 4003 βουλόμενοςδια
861 3926 963 3992 τοῦτο,
1000 3919 1070 4003 ἐμοὶ
1108 3921 1222 3996 δοκεῖν,
1260 3917 1311 3986 δτι
1344 3929 1399 3986 καὶ
1422 3913 1486 4004 τήν

319 4020 447 4111 αἠδόνα
471 4020 658 4114 γλώσσαρόν
680 4045 781 4108 φασιν
803 4029 833 4090 ολ
856 4035 997 4113 ποιηταί.

428 4146 556 4225 ,Facete
592 4147 730 4232 quidam
765 4147 945 4234 obiurgans
979 4148 1063 4213 dixit
1097 4171 1150 4214 me
1181 4149 1405 4235 sophistarum
1437 4148 1485 4212 lu-

322 4253 461 4318 sciniam
486 4274 565 4332 esse,
602 4256 762 4340 quoniam
786 4262 902 4341 poetae
926 4255 1101 4320 lusciniam
1126 4277 1270 4341 quoque,
1295 4261 1332 4320 ut
1354 4255 1485 4342 opinor,

323 4435 637 4442 —-———--———

429 4575 521 4644 atla.
551 4575 682 4633 1.ιιαλιῦς.
701 4573 767 4628 ὅσον
780 4577 868 4636 καλῶς
882 4575 990 4633 Reiske.
1005 4607 1035 4616 —
1050 4595 1096 4636 τις.
1116 4595 1168 4635 τιις
1179 4583 1215 4629 Μ.
1243 4581 1267 4630 3.
1283 4595 1365 4647 φασιν
1378 4593 1429 4637 om.
1444 4577 1486 4634 Μ.
