<?xml version="1.0" encoding="UTF-8"?>
<!DOCTYPE html PUBLIC "-//W3C//DTD XHTML 1.0 Transitional//EN"
    "http://www.w3.org/TR/xhtml1/DTD/xhtml1-transitional.dtd">
<html xmlns="http://www.w3.org/1999/xhtml" xml:lang="en" lang="en">
 <head>
  <title>
</title>
<meta http-equiv="Content-Type" content="text/html;charset=utf-8" />
  <meta name='ocr-system' content='tesseract 3.04.00' />
  <meta name='ocr-capabilities' content='ocr_page ocr_carea ocr_par ocr_line ocrx_word'/>
</head>
<body>
  <div class='ocr_page' id='page_1' title='image "./dedionischrysos00claugoog_0056.png"; bbox 0 0 3234 5312; ppageno 0'>
   <div class='ocr_carea' id='block_1_1' title="bbox 646 364 867 430">
    <p class='ocr_par' dir='ltr' id='par_1_1' title="bbox 646 364 867 430">
     <span class='ocr_line' id='line_1_1' title="bbox 646 364 867 430; baseline 0 -16"><span class='ocrx_word' id='word_1_1' title='bbox 646 364 867 430; x_wconf 76' lang='grc'>...47-</span> 
     </span>
    </p>
   </div>
   <div class='ocr_carea' id='block_1_2' title="bbox 174 559 1343 1827">
    <p class='ocr_par' dir='ltr' id='par_1_2' title="bbox 174 559 1342 1271">
     <span class='ocr_line' id='line_1_2' title="bbox 174 559 1340 646; baseline 0.001 -21"><span class='ocrx_word' id='word_1_2' title='bbox 174 559 289 625; x_wconf 83' lang='lat' dir='ltr'>ciam</span> <span class='ocrx_word' id='word_1_3' title='bbox 311 559 452 626; x_wconf 89' lang='lat' dir='ltr'>istam</span> <span class='ocrx_word' id='word_1_4' title='bbox 490 566 521 626; x_wconf 88' lang='lat' dir='ltr'>et</span> <span class='ocrx_word' id='word_1_5' title='bbox 545 561 723 646; x_wconf 82' lang='lat' dir='ltr'>praecipue</span> <span class='ocrx_word' id='word_1_6' title='bbox 753 582 827 626; x_wconf 87' lang='lat' dir='ltr'>eas</span> <span class='ocrx_word' id='word_1_7' title='bbox 851 560 1077 628; x_wconf 78' lang='lat' dir='ltr'>civitates</span> <span class='ocrx_word' id='word_1_8' title='bbox 1110 559 1152 626; x_wconf 86' lang='lat' dir='ltr'>ab</span> <span class='ocrx_word' id='word_1_9' title='bbox 1176 560 1340 626; x_wconf 85' lang='lat' dir='ltr'>eiusmodi</span> 
     </span>
     <span class='ocr_line' id='line_1_3' title="bbox 174 667 1339 754; baseline 0.001 -22"><span class='ocrx_word' id='word_1_10' title='bbox 174 667 376 734; x_wconf 77' lang='lat' dir='ltr'><strong>factionibus</strong></span> <span class='ocrx_word' id='word_1_11' title='bbox 401 677 633 748; x_wconf 75' lang='lat' dir='ltr'>essevexatas.</span> <span class='ocrx_word' id='word_1_12' title='bbox 671 668 905 754; x_wconf 71' lang='lat' dir='ltr'>Quodcunque</span> <span class='ocrx_word' id='word_1_13' title='bbox 928 689 1052 734; x_wconf 88' lang='lat' dir='ltr'>nomen</span> <span class='ocrx_word' id='word_1_14' title='bbox 1069 689 1110 732; x_wconf 84' lang='lat' dir='ltr'>ex</span> <span class='ocrx_word' id='word_1_15' title='bbox 1126 689 1339 754; x_wconf 85' lang='lat' dir='ltr'>quacumque</span> 
     </span>
     <span class='ocr_line' id='line_1_4' title="bbox 174 774 1339 862; baseline 0 -22"><span class='ocrx_word' id='word_1_16' title='bbox 174 795 277 840; x_wconf 84' lang='lat' dir='ltr'>causa</span> <span class='ocrx_word' id='word_1_17' title='bbox 299 774 490 842; x_wconf 86' lang='lat' dir='ltr'>dederimus</span> <span class='ocrx_word' id='word_1_18' title='bbox 513 776 564 852; x_wconf 79' lang='lat' dir='ltr'>iis,</span> <span class='ocrx_word' id='word_1_19' title='bbox 589 777 647 862; x_wconf 91' lang='lat' dir='ltr'>qui</span> <span class='ocrx_word' id='word_1_20' title='bbox 670 777 706 840; x_wconf 93' lang='lat' dir='ltr'>in</span> <span class='ocrx_word' id='word_1_21' title='bbox 729 775 820 842; x_wconf 91' lang='lat' dir='ltr'>idem</span> <span class='ocrx_word' id='word_1_22' title='bbox 837 777 997 841; x_wconf 82' lang='lat' dir='ltr'>contracti</span> <span class='ocrx_word' id='word_1_23' title='bbox 1015 776 1149 852; x_wconf 79' lang='lat' dir='ltr'>fuerint,</span> <span class='ocrx_word' id='word_1_24' title='bbox 1174 775 1339 840; x_wconf 79' lang='lat' dir='ltr'>hetaeriae</span> 
     </span>
     <span class='ocr_line' id='line_1_5' title="bbox 174 881 1341 968; baseline 0 -22"><span class='ocrx_word' id='word_1_25' title='bbox 174 883 332 967; x_wconf 88' lang='lat' dir='ltr'>quamvis</span> <span class='ocrx_word' id='word_1_26' title='bbox 356 881 482 962; x_wconf 77' lang='lat' dir='ltr'>breves,</span> <span class='ocrx_word' id='word_1_27' title='bbox 507 883 607 948; x_wconf 90' lang='lat' dir='ltr'>fient&#39;.</span> <span class='ocrx_word' id='word_1_28' title='bbox 620 921 664 932; x_wconf 90' lang='lat'>—-</span> <span class='ocrx_word' id='word_1_29' title='bbox 681 884 775 960; x_wconf 75' lang='lat' dir='ltr'>Quae</span> <span class='ocrx_word' id='word_1_30' title='bbox 799 882 912 968; x_wconf 87' lang='lat' dir='ltr'>aliquo</span> <span class='ocrx_word' id='word_1_31' title='bbox 936 881 1036 948; x_wconf 88' lang='lat' dir='ltr'>modo</span> <span class='ocrx_word' id='word_1_32' title='bbox 1063 883 1238 948; x_wconf 77' lang='lat' dir='ltr'>cohaerere</span> <span class='ocrx_word' id='word_1_33' title='bbox 1263 904 1341 948; x_wconf 85' lang='lat' dir='ltr'>oum</span> 
     </span>
     <span class='ocr_line' id='line_1_6' title="bbox 175 989 1340 1078; baseline 0.002 -25"><span class='ocrx_word' id='word_1_34' title='bbox 175 989 438 1068; x_wconf 83' lang='lat' dir='ltr'>difficultatibus,</span> <span class='ocrx_word' id='word_1_35' title='bbox 464 990 587 1075; x_wconf 91' lang='lat' dir='ltr'>quibus</span> <span class='ocrx_word' id='word_1_36' title='bbox 611 991 674 1055; x_wconf 89' lang='lat' dir='ltr'>Dio</span> <span class='ocrx_word' id='word_1_37' title='bbox 688 991 864 1078; x_wconf 82' lang='lat' dir='ltr'>obnoxius</span> <span class='ocrx_word' id='word_1_38' title='bbox 888 996 966 1069; x_wconf 78' lang='lat' dir='ltr'>erat,</span> <span class='ocrx_word' id='word_1_39' title='bbox 984 990 1163 1056; x_wconf 84' lang='lat' dir='ltr'>verisimile</span> <span class='ocrx_word' id='word_1_40' title='bbox 1188 997 1246 1055; x_wconf 86' lang='lat' dir='ltr'>est.</span> <span class='ocrx_word' id='word_1_41' title='bbox 1279 991 1340 1055; x_wconf 90' lang='lat' dir='ltr'>Ne-</span> 
     </span>
     <span class='ocr_line' id='line_1_7' title="bbox 176 1096 1342 1184; baseline 0 -22"><span class='ocrx_word' id='word_1_42' title='bbox 176 1119 243 1182; x_wconf 87' lang='lat' dir='ltr'>que</span> <span class='ocrx_word' id='word_1_43' title='bbox 267 1118 346 1163; x_wconf 84' lang='lat' dir='ltr'>easu</span> <span class='ocrx_word' id='word_1_44' title='bbox 369 1096 502 1163; x_wconf 84' lang='lat' dir='ltr'>videtur</span> <span class='ocrx_word' id='word_1_45' title='bbox 524 1098 651 1162; x_wconf 81' lang='lat' dir='ltr'>tactum</span> <span class='ocrx_word' id='word_1_46' title='bbox 668 1119 749 1177; x_wconf 81' lang='lat' dir='ltr'>esse,</span> <span class='ocrx_word' id='word_1_47' title='bbox 767 1098 858 1184; x_wconf 92' lang='lat' dir='ltr'>quod</span> <span class='ocrx_word' id='word_1_48' title='bbox 874 1097 984 1162; x_wconf 76' lang='lat' dir='ltr'>fabrili</span> <span class='ocrx_word' id='word_1_49' title='bbox 1002 1097 1058 1162; x_wconf 90' lang='lat' dir='ltr'>illa</span> <span class='ocrx_word' id='word_1_50' title='bbox 1073 1097 1208 1162; x_wconf 87' lang='lat' dir='ltr'>officina</span> <span class='ocrx_word' id='word_1_51' title='bbox 1231 1097 1342 1163; x_wconf 89' lang='lat' dir='ltr'>diruta</span> 
     </span>
     <span class='ocr_line' id='line_1_8' title="bbox 175 1204 890 1271; baseline 0 -1"><span class='ocrx_word' id='word_1_52' title='bbox 175 1211 289 1270; x_wconf 88' lang='lat' dir='ltr'>tantae</span> <span class='ocrx_word' id='word_1_53' title='bbox 312 1210 428 1270; x_wconf 87' lang='lat' dir='ltr'>eontra</span> <span class='ocrx_word' id='word_1_54' title='bbox 451 1226 530 1270; x_wconf 88' lang='lat' dir='ltr'>eum</span> <span class='ocrx_word' id='word_1_55' title='bbox 553 1204 669 1270; x_wconf 84' lang='lat' dir='ltr'>turbae</span> <span class='ocrx_word' id='word_1_56' title='bbox 694 1205 890 1271; x_wconf 77' lang='lat' dir='ltr'>exstiterint.</span> 
     </span>
    </p>

    <p class='ocr_par' dir='ltr' id='par_1_3' title="bbox 176 1311 1343 1827">
     <span class='ocr_line' id='line_1_9' title="bbox 286 1311 1340 1398; baseline -0.002 -21"><span class='ocrx_word' id='word_1_57' title='bbox 286 1311 359 1377; x_wconf 84' lang='lat' dir='ltr'>Hoc</span> <span class='ocrx_word' id='word_1_58' title='bbox 382 1333 461 1396; x_wconf 74' lang='lat' dir='ltr'>vero</span> <span class='ocrx_word' id='word_1_59' title='bbox 484 1313 556 1378; x_wconf 82' lang='lat' dir='ltr'>loco</span> <span class='ocrx_word' id='word_1_60' title='bbox 579 1313 798 1378; x_wconf 86' lang='lat' dir='ltr'>memineritis</span> <span class='ocrx_word' id='word_1_61' title='bbox 821 1312 932 1391; x_wconf 85' lang='lat' dir='ltr'>velim,</span> <span class='ocrx_word' id='word_1_62' title='bbox 966 1332 1052 1398; x_wconf 86' lang='lat' dir='ltr'>quae</span> <span class='ocrx_word' id='word_1_63' title='bbox 1082 1333 1183 1398; x_wconf 90' lang='lat' dir='ltr'>supra</span> <span class='ocrx_word' id='word_1_64' title='bbox 1208 1315 1270 1397; x_wconf 86' lang='lat' dir='ltr'>[pg.</span> <span class='ocrx_word' id='word_1_65' title='bbox 1289 1313 1340 1395; x_wconf 77' lang='lat'>34]</span> 
     </span>
     <span class='ocr_line' id='line_1_10' title="bbox 176 1418 1341 1505; baseline 0 -22"><span class='ocrx_word' id='word_1_66' title='bbox 176 1418 317 1504; x_wconf 84' lang='lat' dir='ltr'>exposui</span> <span class='ocrx_word' id='word_1_67' title='bbox 350 1418 391 1484; x_wconf 87' lang='lat' dir='ltr'>de</span> <span class='ocrx_word' id='word_1_68' title='bbox 422 1419 578 1484; x_wconf 84' lang='lat' dir='ltr'>extremis</span> <span class='ocrx_word' id='word_1_69' title='bbox 608 1419 709 1484; x_wconf 91' lang='lat' dir='ltr'>huius</span> <span class='ocrx_word' id='word_1_70' title='bbox 739 1420 897 1484; x_wconf 90' lang='lat' dir='ltr'>orationis</span> <span class='ocrx_word' id='word_1_71' title='bbox 928 1419 1156 1505; x_wconf 84' lang='lat' dir='ltr'>paragraphis,</span> <span class='ocrx_word' id='word_1_72' title='bbox 1191 1419 1341 1484; x_wconf 87' lang='lat' dir='ltr'>habitem</span> 
     </span>
     <span class='ocr_line' id='line_1_11' title="bbox 177 1526 1339 1613; baseline 0.001 -21"><span class='ocrx_word' id='word_1_73' title='bbox 177 1548 250 1592; x_wconf 88' lang='lat' dir='ltr'>esse</span> <span class='ocrx_word' id='word_1_74' title='bbox 285 1527 371 1592; x_wconf 86' lang='lat' dir='ltr'>hene</span> <span class='ocrx_word' id='word_1_75' title='bbox 407 1526 591 1592; x_wconf 90' lang='lat' dir='ltr'>orationem</span> <span class='ocrx_word' id='word_1_76' title='bbox 614 1549 652 1592; x_wconf 90' lang='lat' dir='ltr'>eo</span> <span class='ocrx_word' id='word_1_77' title='bbox 676 1534 835 1612; x_wconf 85' lang='lat' dir='ltr'>tempore,</span> <span class='ocrx_word' id='word_1_78' title='bbox 853 1548 919 1612; x_wconf 93' lang='lat' dir='ltr'>quo</span> <span class='ocrx_word' id='word_1_79' title='bbox 936 1527 1114 1612; x_wconf 82' lang='lat' dir='ltr'>proconsul</span> <span class='ocrx_word' id='word_1_80' title='bbox 1131 1528 1339 1613; x_wconf 72' lang='grc' dir='ltr'><em>συνοικισμὸν</em></span> 
     </span>
     <span class='ocr_line' id='line_1_12' title="bbox 176 1633 1343 1718; baseline 0 -20"><span class='ocrx_word' id='word_1_81' title='bbox 176 1634 351 1699; x_wconf 87' lang='lat' dir='ltr'>instituere</span> <span class='ocrx_word' id='word_1_82' title='bbox 375 1633 528 1718; x_wconf 83' lang='lat' dir='ltr'>eoeperit.</span> <span class='ocrx_word' id='word_1_83' title='bbox 562 1634 657 1710; x_wconf 75' lang='lat' dir='ltr'>Quae</span> <span class='ocrx_word' id='word_1_84' title='bbox 681 1634 708 1698; x_wconf 87' lang='lat' dir='ltr'>si</span> <span class='ocrx_word' id='word_1_85' title='bbox 725 1655 804 1700; x_wconf 89' lang='lat' dir='ltr'>vera</span> <span class='ocrx_word' id='word_1_86' title='bbox 828 1640 915 1712; x_wconf 69' lang='lat' dir='ltr'>suut,</span> <span class='ocrx_word' id='word_1_87' title='bbox 935 1655 1072 1699; x_wconf 86' lang='lat' dir='ltr'>causam</span> <span class='ocrx_word' id='word_1_88' title='bbox 1094 1634 1261 1712; x_wconf 71' lang='lat' dir='ltr'>tenemus</span> <span class='ocrx_word' id='word_1_89' title='bbox 1275 1653 1343 1718; x_wconf 88' lang='lat' dir='ltr'>qua</span> 
     </span>
     <span class='ocr_line' id='line_1_13' title="bbox 178 1740 1060 1827; baseline 0 -21"><span class='ocrx_word' id='word_1_90' title='bbox 178 1742 364 1806; x_wconf 85' lang='lat' dir='ltr'>simultates</span> <span class='ocrx_word' id='word_1_91' title='bbox 386 1740 652 1827; x_wconf 85' lang='lat' dir='ltr'>adversariorum</span> <span class='ocrx_word' id='word_1_92' title='bbox 676 1741 810 1807; x_wconf 87' lang='lat' dir='ltr'>illorum</span> <span class='ocrx_word' id='word_1_93' title='bbox 833 1747 949 1807; x_wconf 84' lang='lat' dir='ltr'>auctae</span> <span class='ocrx_word' id='word_1_94' title='bbox 973 1747 1060 1807; x_wconf 90' lang='lat' dir='ltr'>sunt.</span> 
     </span>
    </p>
   </div>
   <div class='ocr_carea' id='block_1_3' title="bbox 176 1918 1347 4044">
    <p class='ocr_par' dir='ltr' id='par_1_4' title="bbox 176 1918 1347 2439">
     <span class='ocr_line' id='line_1_14' title="bbox 286 1918 1343 2007; baseline 0.005 -24"><span class='ocrx_word' id='word_1_95' title='bbox 286 1918 344 1986; x_wconf 90' lang='lat' dir='ltr'>IV.</span> <span class='ocrx_word' id='word_1_96' title='bbox 392 1920 476 1999; x_wconf 79' lang='lat'><strong>45,6.</strong></span> <span class='ocrx_word' id='word_1_97' title='bbox 528 1919 556 2006; x_wconf 92' lang='grc'>1)</span> <span class='ocrx_word' id='word_1_98' title='bbox 579 1934 685 1988; x_wconf 79' lang='grc' dir='ltr'><em>καίτοι</em></span> <span class='ocrx_word' id='word_1_99' title='bbox 709 1929 879 1989; x_wconf 75' lang='grc' dir='ltr'><em>καὶτοῦτο</em></span> <span class='ocrx_word' id='word_1_100' title='bbox 904 1920 1029 2007; x_wconf 82' lang='grc' dir='ltr'><em>οιίιήιιοοι</em></span> <span class='ocrx_word' id='word_1_101' title='bbox 1053 1924 1184 1988; x_wconf 74' lang='grc' dir='ltr'><em>πολλῶν</em></span> <span class='ocrx_word' id='word_1_102' title='bbox 1212 1919 1272 2004; x_wconf 67' lang='grc' dir='ltr'>ἔγω</span> <span class='ocrx_word' id='word_1_103' title='bbox 1298 1923 1343 1988; x_wconf 86' lang='grc' dir='ltr'>λε-</span> 
     </span>
     <span class='ocr_line' id='line_1_15' title="bbox 176 2013 1343 2118; baseline 0 -24"><span class='ocrx_word' id='word_1_104' title='bbox 176 2028 312 2112; x_wconf 82' lang='grc' dir='ltr'><em>γόντων,</em></span> <span class='ocrx_word' id='word_1_105' title='bbox 339 2025 381 2103; x_wconf 62' lang='grc' dir='ltr'>οἷς</span> <span class='ocrx_word' id='word_1_106' title='bbox 410 2013 645 2118; x_wconf 67' lang='grc' dir='ltr'><em>πρότερονέᾳ.</em></span> <span class='ocrx_word' id='word_1_107' title='bbox 671 2050 702 2092; x_wconf 89' lang='lat' dir='ltr'>v.</span> <span class='ocrx_word' id='word_1_108' title='bbox 735 2049 838 2112; x_wconf 85' lang='lat' dir='ltr'>supra</span> <span class='ocrx_word' id='word_1_109' title='bbox 860 2049 915 2113; x_wconf 82' lang='lat' dir='ltr'>pg.</span> <span class='ocrx_word' id='word_1_110' title='bbox 943 2029 982 2092; x_wconf 91' lang='lat' dir='ltr'>ll</span> <span class='ocrx_word' id='word_1_111' title='bbox 999 2079 1095 2092; x_wconf 87' lang='grc'><strong>.....</strong></span> <span class='ocrx_word' id='word_1_112' title='bbox 1110 2032 1224 2096; x_wconf 76' lang='grc' dir='ltr'><em>πολλοὶ</em></span> <span class='ocrx_word' id='word_1_113' title='bbox 1254 2056 1343 2097; x_wconf 82' lang='grc' dir='ltr'><em>κατε-</em></span> 
     </span>
     <span class='ocr_line' id='line_1_16' title="bbox 178 2131 1342 2224; baseline -0.003 -23"><span class='ocrx_word' id='word_1_114' title='bbox 178 2138 281 2219; x_wconf 95' lang='grc' dir='ltr'><em>γέλων</em></span> <span class='ocrx_word' id='word_1_115' title='bbox 303 2139 358 2222; x_wconf 82' lang='grc' dir='ltr'>τῆς</span> <span class='ocrx_word' id='word_1_116' title='bbox 371 2137 497 2215; x_wconf 82' lang='grc' dir='ltr'><em>πόλεως</em></span> <span class='ocrx_word' id='word_1_117' title='bbox 512 2187 516 2198; x_wconf 94' lang='grc'><em>.</em></span> <span class='ocrx_word' id='word_1_118' title='bbox 533 2187 538 2199; x_wconf 94' lang='grc'><strong><em>.</em></strong></span> <span class='ocrx_word' id='word_1_119' title='bbox 555 2187 561 2199; x_wconf 95' lang='grc'><strong><em>.</em></strong></span> <span class='ocrx_word' id='word_1_120' title='bbox 578 2137 641 2215; x_wconf 68' lang='grc' dir='ltr'>,οἷς</span> <span class='ocrx_word' id='word_1_121' title='bbox 652 2133 854 2222; x_wconf 53' lang='lat' dir='ltr'>petiverat)</span> <span class='ocrx_word' id='word_1_122' title='bbox 870 2143 950 2202; x_wconf 74' lang='grc' dir='ltr'><em>καθ’</em></span> <span class='ocrx_word' id='word_1_123' title='bbox 969 2131 1071 2222; x_wconf 65' lang='lat' dir='ltr'>adeda</span> <span class='ocrx_word' id='word_1_124' title='bbox 1087 2138 1256 2224; x_wconf 73' lang='grc' dir='ltr'><em>ἐφιεμένης</em></span> <span class='ocrx_word' id='word_1_125' title='bbox 1270 2187 1275 2199; x_wconf 92' lang='grc'><strong>.</strong></span> <span class='ocrx_word' id='word_1_126' title='bbox 1293 2188 1298 2201; x_wconf 92' lang='grc'><strong>.</strong></span> <span class='ocrx_word' id='word_1_127' title='bbox 1314 2188 1320 2201; x_wconf 92' lang='grc'><strong>.</strong></span> <span class='ocrx_word' id='word_1_128' title='bbox 1337 2187 1342 2197; x_wconf 95' lang='grc'>.</span> 
     </span>
     <span class='ocr_line' id='line_1_17' title="bbox 179 2235 1347 2342; baseline 0 -32"><span class='ocrx_word' id='word_1_129' title='bbox 179 2254 237 2310; x_wconf 79' lang='grc' dir='ltr'>καὶ</span> <span class='ocrx_word' id='word_1_130' title='bbox 267 2247 375 2310; x_wconf 76' lang='grc' dir='ltr'><em>ταῦτα</em></span> <span class='ocrx_word' id='word_1_131' title='bbox 405 2245 550 2325; x_wconf 84' lang='grc' dir='ltr'><em>λέγοντες</em></span> <span class='ocrx_word' id='word_1_132' title='bbox 591 2235 648 2310; x_wconf 74' lang='grc' dir='ltr'>οὖν</span> <span class='ocrx_word' id='word_1_133' title='bbox 684 2241 864 2342; x_wconf 72' lang='grc' dir='ltr'><em>ᾐσχύνοντο</em></span> <span class='ocrx_word' id='word_1_134' title='bbox 903 2243 1112 2333; x_wconf 79' lang='grc' dir='ltr'><em>διασύροντες</em></span> <span class='ocrx_word' id='word_1_135' title='bbox 1141 2239 1202 2330; x_wconf 82' lang='grc' dir='ltr'>τήν</span> <span class='ocrx_word' id='word_1_136' title='bbox 1234 2246 1347 2339; x_wconf 69' lang='grc' dir='ltr'><em>αὐτῶν</em></span> 
     </span>
     <span class='ocr_line' id='line_1_18' title="bbox 180 2348 1246 2439; baseline -0.003 -22"><span class='ocrx_word' id='word_1_137' title='bbox 180 2352 325 2436; x_wconf 78' lang='grc' dir='ltr'><strong><em>πατρίδα</em></strong></span> <span class='ocrx_word' id='word_1_138' title='bbox 350 2361 405 2417; x_wconf 81' lang='grc' dir='ltr'><em>ιιαῐ</em></span> <span class='ocrx_word' id='word_1_139' title='bbox 428 2354 670 2439; x_wconf 71' lang='grc' dir='ltr'><em>καθαιροῦντες</em></span> <span class='ocrx_word' id='word_1_140' title='bbox 694 2352 730 2417; x_wconf 74' lang='grc' dir='ltr'>ἐν</span> <span class='ocrx_word' id='word_1_141' title='bbox 752 2368 818 2429; x_wconf 80' lang='grc' dir='ltr'><em>τοῖς</em></span> <span class='ocrx_word' id='word_1_142' title='bbox 841 2351 946 2433; x_wconf 83' lang='grc' dir='ltr'><em>λόγοις</em></span> <span class='ocrx_word' id='word_1_143' title='bbox 970 2349 1069 2424; x_wconf 72' lang='grc' dir='ltr'><em>οὕτως</em></span> <span class='ocrx_word' id='word_1_144' title='bbox 1094 2348 1246 2438; x_wconf 76' lang='grc' dir='ltr'><em>ἀνοήτως.</em></span> 
     </span>
    </p>

    <p class='ocr_par' dir='ltr' id='par_1_5' title="bbox 178 2456 1346 3380">
     <span class='ocr_line' id='line_1_19' title="bbox 288 2456 1345 2542; baseline 0.003 -22"><span class='ocrx_word' id='word_1_145' title='bbox 288 2456 390 2522; x_wconf 86' lang='lat' dir='ltr'>Hune</span> <span class='ocrx_word' id='word_1_146' title='bbox 413 2457 525 2522; x_wconf 81' lang='lat' dir='ltr'>locum</span> <span class='ocrx_word' id='word_1_147' title='bbox 539 2457 608 2521; x_wconf 91' lang='lat' dir='ltr'>iam</span> <span class='ocrx_word' id='word_1_148' title='bbox 632 2478 734 2542; x_wconf 88' lang='lat' dir='ltr'>supra</span> <span class='ocrx_word' id='word_1_149' title='bbox 748 2457 960 2535; x_wconf 76' lang='lat' dir='ltr'>illustratum,</span> <span class='ocrx_word' id='word_1_150' title='bbox 979 2478 1188 2542; x_wconf 89' lang='lat' dir='ltr'>quamquam</span> <span class='ocrx_word' id='word_1_151' title='bbox 1210 2457 1264 2522; x_wconf 90' lang='lat' dir='ltr'>hic</span> <span class='ocrx_word' id='word_1_152' title='bbox 1281 2458 1345 2524; x_wconf 87' lang='lat' dir='ltr'>Dio</span> 
     </span>
     <span class='ocr_line' id='line_1_20' title="bbox 181 2563 1343 2650; baseline 0.002 -22"><span class='ocrx_word' id='word_1_153' title='bbox 181 2563 224 2628; x_wconf 92' lang='lat' dir='ltr'>de</span> <span class='ocrx_word' id='word_1_154' title='bbox 249 2564 317 2628; x_wconf 89' lang='lat' dir='ltr'>suis</span> <span class='ocrx_word' id='word_1_155' title='bbox 340 2563 538 2630; x_wconf 86' lang='lat' dir='ltr'>adversariis</span> <span class='ocrx_word' id='word_1_156' title='bbox 571 2586 639 2628; x_wconf 90' lang='lat' dir='ltr'>non</span> <span class='ocrx_word' id='word_1_157' title='bbox 673 2565 829 2649; x_wconf 84' lang='lat' dir='ltr'>loquitur,</span> <span class='ocrx_word' id='word_1_158' title='bbox 862 2563 920 2629; x_wconf 89' lang='lat' dir='ltr'>sed</span> <span class='ocrx_word' id='word_1_159' title='bbox 955 2563 996 2629; x_wconf 88' lang='lat' dir='ltr'>de</span> <span class='ocrx_word' id='word_1_160' title='bbox 1028 2565 1173 2630; x_wconf 86' lang='lat' dir='ltr'>inimicis</span> <span class='ocrx_word' id='word_1_161' title='bbox 1207 2565 1343 2650; x_wconf 80' lang='lat' dir='ltr'>patriae,</span> 
     </span>
     <span class='ocr_line' id='line_1_21' title="bbox 180 2670 1346 2758; baseline 0.002 -22"><span class='ocrx_word' id='word_1_162' title='bbox 180 2672 288 2736; x_wconf 84' lang='lat' dir='ltr'>refero</span> <span class='ocrx_word' id='word_1_163' title='bbox 311 2677 434 2752; x_wconf 67' lang='lat' dir='ltr'>tamem</span> <span class='ocrx_word' id='word_1_164' title='bbox 459 2671 539 2758; x_wconf 90' lang='lat' dir='ltr'>quia</span> <span class='ocrx_word' id='word_1_165' title='bbox 554 2670 646 2736; x_wconf 92' lang='lat' dir='ltr'>haud</span> <span class='ocrx_word' id='word_1_166' title='bbox 662 2671 762 2736; x_wconf 89' lang='lat' dir='ltr'>dubie</span> <span class='ocrx_word' id='word_1_167' title='bbox 778 2670 859 2736; x_wconf 85' lang='lat' dir='ltr'>loeis</span> <span class='ocrx_word' id='word_1_168' title='bbox 874 2672 973 2752; x_wconf 79' lang='lat'>40‚10</span> <span class='ocrx_word' id='word_1_169' title='bbox 997 2677 1029 2736; x_wconf 84' lang='lat' dir='ltr'>et</span> <span class='ocrx_word' id='word_1_170' title='bbox 1051 2672 1149 2750; x_wconf 86' lang='grc'>40,11</span> <span class='ocrx_word' id='word_1_171' title='bbox 1167 2673 1346 2758; x_wconf 86' lang='lat' dir='ltr'>respondet</span> 
     </span>
     <span class='ocr_line' id='line_1_22' title="bbox 183 2775 1345 2868; baseline 0.003 -24"><span class='ocrx_word' id='word_1_172' title='bbox 183 2779 254 2862; x_wconf 68' lang='lat' dir='ltr'>[cit</span> <span class='ocrx_word' id='word_1_173' title='bbox 280 2775 322 2859; x_wconf 67' lang='grc' dir='ltr'>οἷς</span> <span class='ocrx_word' id='word_1_174' title='bbox 345 2781 514 2865; x_wconf 81' lang='grc' dir='ltr'><em>μειζόνων,</em></span> <span class='ocrx_word' id='word_1_175' title='bbox 537 2778 557 2867; x_wconf 77' lang='grc' dir='ltr'><strong><em>ἢ</em></strong></span> <span class='ocrx_word' id='word_1_176' title='bbox 580 2782 662 2846; x_wconf 72' lang='grc' dir='ltr'>καθ’</span> <span class='ocrx_word' id='word_1_177' title='bbox 687 2781 792 2868; x_wconf 69' lang='grc' dir='ltr'><em>αὑτήν</em></span> <span class='ocrx_word' id='word_1_178' title='bbox 814 2781 981 2866; x_wconf 69' lang='grc' dir='ltr'><em>ἐφιεμένης</em></span> <span class='ocrx_word' id='word_1_179' title='bbox 998 2819 1037 2826; x_wconf 86' lang='grc'>-</span> <span class='ocrx_word' id='word_1_180' title='bbox 1055 2780 1169 2860; x_wconf 84' lang='lat'>40,10:</span> <span class='ocrx_word' id='word_1_181' title='bbox 1194 2794 1251 2849; x_wconf 76' lang='grc' dir='ltr'>καὶ</span> <span class='ocrx_word' id='word_1_182' title='bbox 1273 2787 1345 2860; x_wconf 72' lang='grc' dir='ltr'><em>βοο-</em></span> 
     </span>
     <span class='ocr_line' id='line_1_23' title="bbox 180 2885 1345 2978; baseline 0.002 -25"><span class='ocrx_word' id='word_1_183' title='bbox 180 2889 328 2972; x_wconf 82' lang='grc' dir='ltr'><em>λομένοις</em></span> <span class='ocrx_word' id='word_1_184' title='bbox 350 2889 387 2954; x_wconf 77' lang='grc' dir='ltr'>ἐν</span> <span class='ocrx_word' id='word_1_185' title='bbox 410 2889 588 2956; x_wconf 70' lang='grc' dir='ltr'><em>ἀσθενέσιν</em></span> <span class='ocrx_word' id='word_1_186' title='bbox 618 2885 750 2968; x_wconf 78' lang='grc' dir='ltr'><em>ἰσχύειν.</em></span> <span class='ocrx_word' id='word_1_187' title='bbox 785 2890 829 2967; x_wconf 71' lang='grc' dir='ltr'>οἱς</span> <span class='ocrx_word' id='word_1_188' title='bbox 857 2889 1035 2978; x_wconf 81' lang='grc' dir='ltr'><em>πρότερον.</em></span> <span class='ocrx_word' id='word_1_189' title='bbox 1052 2939 1058 2952; x_wconf 90' lang='grc'><strong>.</strong></span> <span class='ocrx_word' id='word_1_190' title='bbox 1075 2939 1080 2951; x_wconf 90' lang='grc'><em>.</em></span> <span class='ocrx_word' id='word_1_191' title='bbox 1098 2939 1103 2951; x_wconf 88' lang='grc'>.</span> <span class='ocrx_word' id='word_1_192' title='bbox 1118 2891 1232 2956; x_wconf 72' lang='grc' dir='ltr'><em>πολλοὶ</em></span> <span class='ocrx_word' id='word_1_193' title='bbox 1256 2917 1345 2956; x_wconf 84' lang='grc' dir='ltr'><em>ιιαιε-</em></span> 
     </span>
     <span class='ocr_line' id='line_1_24' title="bbox 178 2992 1346 3085; baseline 0.004 -28"><span class='ocrx_word' id='word_1_194' title='bbox 178 2998 285 3078; x_wconf 89' lang='grc' dir='ltr'><em>γέλων</em></span> <span class='ocrx_word' id='word_1_195' title='bbox 308 3002 364 3082; x_wconf 83' lang='grc' dir='ltr'>τῆς</span> <span class='ocrx_word' id='word_1_196' title='bbox 387 2992 512 3074; x_wconf 78' lang='grc' dir='ltr'><em>πόλεως</em></span> <span class='ocrx_word' id='word_1_197' title='bbox 536 3033 578 3041; x_wconf 93' lang='grc'>-</span> <span class='ocrx_word' id='word_1_198' title='bbox 603 2994 717 3072; x_wconf 71' lang='lat' dir='ltr'>tull:</span> <span class='ocrx_word' id='word_1_199' title='bbox 742 2992 793 3062; x_wconf 74' lang='grc' dir='ltr'>δἐι</span> <span class='ocrx_word' id='word_1_200' title='bbox 816 3007 871 3062; x_wconf 84' lang='grc' dir='ltr'>καὶ</span> <span class='ocrx_word' id='word_1_201' title='bbox 895 2994 1055 3085; x_wconf 77' lang='grc' dir='ltr'><em>πρότερον</em></span> <span class='ocrx_word' id='word_1_202' title='bbox 1075 3023 1160 3075; x_wconf 82' lang='grc' dir='ltr'><em>τινες</em></span> <span class='ocrx_word' id='word_1_203' title='bbox 1176 2993 1346 3072; x_wconf 76' lang='grc' dir='ltr'><em>α’κοῦοντες</em></span> 
     </span>
     <span class='ocr_line' id='line_1_25' title="bbox 181 3099 1345 3187; baseline 0.001 -20"><span class='ocrx_word' id='word_1_204' title='bbox 181 3099 429 3187; x_wconf 80' lang='grc' dir='ltr'><em>διεῤῥήγνονιο].</em></span> <span class='ocrx_word' id='word_1_205' title='bbox 478 3101 702 3166; x_wconf 82' lang='lat' dir='ltr'>Confirmatur</span> <span class='ocrx_word' id='word_1_206' title='bbox 737 3103 839 3187; x_wconf 87' lang='lat' dir='ltr'>igitur</span> <span class='ocrx_word' id='word_1_207' title='bbox 868 3103 904 3166; x_wconf 90' lang='lat' dir='ltr'>in</span> <span class='ocrx_word' id='word_1_208' title='bbox 927 3100 1194 3168; x_wconf 84' lang='lat' dir='ltr'>adversariorum</span> <span class='ocrx_word' id='word_1_209' title='bbox 1228 3103 1345 3168; x_wconf 89' lang='lat' dir='ltr'>Dionis</span> 
     </span>
     <span class='ocr_line' id='line_1_26' title="bbox 180 3209 1346 3296; baseline 0.002 -24"><span class='ocrx_word' id='word_1_210' title='bbox 180 3227 324 3273; x_wconf 88' lang='lat' dir='ltr'>numero</span> <span class='ocrx_word' id='word_1_211' title='bbox 354 3229 409 3273; x_wconf 88' lang='lat' dir='ltr'>eos</span> <span class='ocrx_word' id='word_1_212' title='bbox 437 3229 571 3294; x_wconf 89' lang='lat' dir='ltr'>quoque</span> <span class='ocrx_word' id='word_1_213' title='bbox 600 3209 712 3286; x_wconf 83' lang='lat' dir='ltr'>fuisse,</span> <span class='ocrx_word' id='word_1_214' title='bbox 754 3209 812 3294; x_wconf 92' lang='lat' dir='ltr'>qui</span> <span class='ocrx_word' id='word_1_215' title='bbox 844 3211 995 3296; x_wconf 78' lang='grc' dir='ltr'><em>διοικήσει</em></span> <span class='ocrx_word' id='word_1_216' title='bbox 1030 3209 1255 3274; x_wconf 88' lang='lat' dir='ltr'>instituendae</span> <span class='ocrx_word' id='word_1_217' title='bbox 1292 3209 1346 3274; x_wconf 94' lang='lat' dir='ltr'>ob·</span> 
     </span>
     <span class='ocr_line' id='line_1_27' title="bbox 180 3313 384 3380; baseline 0.01 -2"><span class='ocrx_word' id='word_1_218' title='bbox 180 3313 384 3380; x_wconf 88' lang='lat' dir='ltr'>nitebantur.</span> 
     </span>
    </p>

    <p class='ocr_par' dir='ltr' id='par_1_6' title="bbox 180 3421 1346 4044">
     <span class='ocr_line' id='line_1_28' title="bbox 291 3421 1346 3510; baseline 0.005 -25"><span class='ocrx_word' id='word_1_219' title='bbox 291 3423 326 3510; x_wconf 78' lang='lat'>2)</span> <span class='ocrx_word' id='word_1_220' title='bbox 349 3422 399 3488; x_wconf 89' lang='lat' dir='ltr'>De</span> <span class='ocrx_word' id='word_1_221' title='bbox 422 3422 494 3487; x_wconf 87' lang='lat' dir='ltr'>loeo</span> <span class='ocrx_word' id='word_1_222' title='bbox 517 3422 633 3498; x_wconf 56' lang='lat'>4524:</span> <span class='ocrx_word' id='word_1_223' title='bbox 659 3426 694 3492; x_wconf 79' lang='lat' dir='ltr'>od</span> <span class='ocrx_word' id='word_1_224' title='bbox 718 3423 783 3510; x_wconf 74' lang='grc' dir='ltr'>μὴν</span> <span class='ocrx_word' id='word_1_225' title='bbox 808 3423 877 3490; x_wconf 74' lang='grc' dir='ltr'><em>ἀλλ’</em></span> <span class='ocrx_word' id='word_1_226' title='bbox 906 3421 1124 3510; x_wconf 75' lang='grc' dir='ltr'><em>ἐπιστάμενός</em></span> <span class='ocrx_word' id='word_1_227' title='bbox 1146 3453 1182 3508; x_wconf 82' lang='grc' dir='ltr'>γε</span> <span class='ocrx_word' id='word_1_228' title='bbox 1205 3426 1263 3502; x_wconf 74' lang='grc' dir='ltr'>τοὶς</span> <span class='ocrx_word' id='word_1_229' title='bbox 1280 3429 1346 3493; x_wconf 77' lang='grc' dir='ltr'><em>δια-</em></span> 
     </span>
     <span class='ocr_line' id='line_1_29' title="bbox 181 3528 1344 3620; baseline -0.003 -22"><span class='ocrx_word' id='word_1_230' title='bbox 181 3542 275 3609; x_wconf 81' lang='grc' dir='ltr'><em>νοίας</em></span> <span class='ocrx_word' id='word_1_231' title='bbox 298 3528 364 3598; x_wconf 77' lang='grc' dir='ltr'>τῶν</span> <span class='ocrx_word' id='word_1_232' title='bbox 387 3528 515 3598; x_wconf 70' lang='grc' dir='ltr'><em>ἐνθάδε</em></span> <span class='ocrx_word' id='word_1_233' title='bbox 531 3529 722 3620; x_wconf 68' lang='grc' dir='ltr'><em>ἀνθρώπων</em></span> <span class='ocrx_word' id='word_1_234' title='bbox 739 3532 835 3599; x_wconf 77' lang='grc' dir='ltr'><em>ἐνίων</em></span> <span class='ocrx_word' id='word_1_235' title='bbox 858 3552 906 3616; x_wconf 88' lang='lat' dir='ltr'>sq.</span> <span class='ocrx_word' id='word_1_236' title='bbox 931 3531 998 3595; x_wconf 92' lang='lat' dir='ltr'>iam</span> <span class='ocrx_word' id='word_1_237' title='bbox 1023 3552 1124 3616; x_wconf 90' lang='lat' dir='ltr'>supra</span> <span class='ocrx_word' id='word_1_238' title='bbox 1149 3531 1212 3618; x_wconf 85' lang='lat' dir='ltr'>[pg.</span> <span class='ocrx_word' id='word_1_239' title='bbox 1227 3534 1269 3595; x_wconf 80' lang='lat'>24</span> <span class='ocrx_word' id='word_1_240' title='bbox 1285 3533 1344 3619; x_wconf 85' lang='lat' dir='ltr'>sq.]</span> 
     </span>
     <span class='ocr_line' id='line_1_30' title="bbox 180 3635 1346 3723; baseline 0.003 -23"><span class='ocrx_word' id='word_1_241' title='bbox 180 3635 336 3723; x_wconf 90' lang='lat' dir='ltr'>pluribus</span> <span class='ocrx_word' id='word_1_242' title='bbox 361 3637 422 3722; x_wconf 84' lang='lat' dir='ltr'>egi,</span> <span class='ocrx_word' id='word_1_243' title='bbox 447 3658 514 3723; x_wconf 92' lang='lat' dir='ltr'>quo</span> <span class='ocrx_word' id='word_1_244' title='bbox 539 3637 602 3701; x_wconf 89' lang='lat' dir='ltr'>Dio</span> <span class='ocrx_word' id='word_1_245' title='bbox 626 3636 705 3702; x_wconf 82' lang='lat' dir='ltr'>dicit</span> <span class='ocrx_word' id='word_1_246' title='bbox 729 3657 855 3706; x_wconf 85' lang='lat' dir='ltr'>senon</span> <span class='ocrx_word' id='word_1_247' title='bbox 879 3637 1001 3702; x_wconf 87' lang='lat' dir='ltr'>audere</span> <span class='ocrx_word' id='word_1_248' title='bbox 1024 3637 1067 3703; x_wconf 92' lang='lat' dir='ltr'>ad</span> <span class='ocrx_word' id='word_1_249' title='bbox 1100 3639 1346 3723; x_wconf 87' lang='lat' dir='ltr'>synoeoismum</span> 
     </span>
     <span class='ocr_line' id='line_1_31' title="bbox 181 3743 1344 3830; baseline 0.002 -22"><span class='ocrx_word' id='word_1_250' title='bbox 181 3743 425 3830; x_wconf 84' lang='lat' dir='ltr'>perficiendum</span> <span class='ocrx_word' id='word_1_251' title='bbox 441 3743 578 3829; x_wconf 84' lang='lat' dir='ltr'>aggredi</span> <span class='ocrx_word' id='word_1_252' title='bbox 594 3750 731 3829; x_wconf 89' lang='lat' dir='ltr'>propter</span> <span class='ocrx_word' id='word_1_253' title='bbox 754 3743 1022 3810; x_wconf 85' lang='lat' dir='ltr'>adversariorum</span> <span class='ocrx_word' id='word_1_254' title='bbox 1045 3745 1174 3810; x_wconf 89' lang='lat' dir='ltr'>animos</span> <span class='ocrx_word' id='word_1_255' title='bbox 1197 3747 1344 3812; x_wconf 83' lang='lat' dir='ltr'>infestos.</span> 
     </span>
     <span class='ocr_line' id='line_1_32' title="bbox 181 3850 1346 3930; baseline 0.001 -13"><span class='ocrx_word' id='word_1_256' title='bbox 181 3851 234 3917; x_wconf 81' lang='lat' dir='ltr'>Of.</span> <span class='ocrx_word' id='word_1_257' title='bbox 260 3851 360 3916; x_wconf 88' lang='lat' dir='ltr'>etiam</span> <span class='ocrx_word' id='word_1_258' title='bbox 383 3851 491 3930; x_wconf 79' lang='grc'>40,17,</span> <span class='ocrx_word' id='word_1_259' title='bbox 516 3851 575 3916; x_wconf 93' lang='lat' dir='ltr'>ubi</span> <span class='ocrx_word' id='word_1_260' title='bbox 598 3851 699 3916; x_wconf 88' lang='lat' dir='ltr'>simili</span> <span class='ocrx_word' id='word_1_261' title='bbox 727 3850 827 3916; x_wconf 91' lang='lat' dir='ltr'>modo</span> <span class='ocrx_word' id='word_1_262' title='bbox 857 3872 925 3916; x_wconf 91' lang='lat' dir='ltr'>non</span> <span class='ocrx_word' id='word_1_263' title='bbox 957 3851 1058 3917; x_wconf 89' lang='lat' dir='ltr'>audet</span> <span class='ocrx_word' id='word_1_264' title='bbox 1081 3851 1144 3916; x_wconf 89' lang='lat' dir='ltr'>Dio</span> <span class='ocrx_word' id='word_1_265' title='bbox 1175 3875 1245 3918; x_wconf 89' lang='lat' dir='ltr'>rem</span> <span class='ocrx_word' id='word_1_266' title='bbox 1268 3854 1346 3919; x_wconf 87' lang='lat' dir='ltr'>Pru-</span> 
     </span>
     <span class='ocr_line' id='line_1_33' title="bbox 181 3957 898 4044; baseline 0 -20"><span class='ocrx_word' id='word_1_267' title='bbox 181 3957 338 4024; x_wconf 86' lang='lat' dir='ltr'>sensibus</span> <span class='ocrx_word' id='word_1_268' title='bbox 361 3964 491 4044; x_wconf 87' lang='lat' dir='ltr'>gratam</span> <span class='ocrx_word' id='word_1_269' title='bbox 513 3959 679 4044; x_wconf 79' lang='lat' dir='ltr'>perficere.</span> <span class='ocrx_word' id='word_1_270' title='bbox 896 3963 898 3968; x_wconf 76' lang='grc'><strong>’</strong></span> 
     </span>
    </p>
   </div>
   <div class='ocr_carea' id='block_1_4' title="bbox 291 4065 1346 4157">
    <p class='ocr_par' dir='ltr' id='par_1_7' title="bbox 291 4065 1346 4157">
     <span class='ocr_line' id='line_1_34' title="bbox 291 4065 1346 4157; baseline 0.007 -27"><span class='ocrx_word' id='word_1_271' title='bbox 291 4066 398 4144; x_wconf 83' lang='grc'>45,15.</span> <span class='ocrx_word' id='word_1_272' title='bbox 417 4067 452 4154; x_wconf 88' lang='grc'>3)</span> <span class='ocrx_word' id='word_1_273' title='bbox 470 4065 539 4134; x_wconf 74' lang='lat' dir='ltr'>dc&#39;at‘</span> <span class='ocrx_word' id='word_1_274' title='bbox 549 4093 630 4134; x_wconf 81' lang='grc' dir='ltr'><em>ποτε</em></span> <span class='ocrx_word' id='word_1_275' title='bbox 645 4077 768 4150; x_wconf 84' lang='grc' dir='ltr'><em>γένοιτο</em></span> <span class='ocrx_word' id='word_1_276' title='bbox 784 4068 895 4157; x_wconf 73' lang='grc' dir='ltr'><em>καιρὸς</em></span> <span class='ocrx_word' id='word_1_277' title='bbox 912 4067 1166 4156; x_wconf 70' lang='grc' dir='ltr'><em>ἐπιτελεσθῆναι</em></span> <span class='ocrx_word' id='word_1_278' title='bbox 1182 4078 1237 4137; x_wconf 76' lang='grc' dir='ltr'>καὶ</span> <span class='ocrx_word' id='word_1_279' title='bbox 1253 4073 1346 4137; x_wconf 71' lang='grc' dir='ltr'><em>θεῶν</em></span> 
     </span>
    </p>
   </div>
   <div class='ocr_carea' id='block_1_5' title="bbox 180 4172 1347 4267">
    <p class='ocr_par' dir='ltr' id='par_1_8' title="bbox 180 4172 1347 4267">
     <span class='ocr_line' id='line_1_35' title="bbox 180 4172 1347 4267; baseline 0 -24"><span class='ocrx_word' id='word_1_280' title='bbox 180 4203 232 4255; x_wconf 78' lang='grc' dir='ltr'>τις</span> <span class='ocrx_word' id='word_1_281' title='bbox 257 4173 408 4261; x_wconf 78' lang='grc' dir='ltr'><em>ποιήσειε,</em></span> <span class='ocrx_word' id='word_1_282' title='bbox 435 4172 509 4241; x_wconf 79' lang='grc' dir='ltr'><em>τότε</em></span> <span class='ocrx_word' id='word_1_283' title='bbox 533 4173 664 4264; x_wconf 72' lang='grc' dir='ltr'><em>ὄψεσθε</em></span> <span class='ocrx_word' id='word_1_284' title='bbox 686 4175 746 4261; x_wconf 77' lang='grc' dir='ltr'>τήν</span> <span class='ocrx_word' id='word_1_285' title='bbox 763 4175 950 4264; x_wconf 68' lang='grc' dir='ltr'><em>ὑπερβολήν</em></span> <span class='ocrx_word' id='word_1_286' title='bbox 965 4183 1022 4263; x_wconf 78' lang='grc' dir='ltr'>τῆς</span> <span class='ocrx_word' id='word_1_287' title='bbox 1037 4202 1135 4244; x_wconf 76' lang='grc' dir='ltr'><em>τινων</em></span> <span class='ocrx_word' id='word_1_288' title='bbox 1150 4173 1275 4267; x_wconf 71' lang='grc' dir='ltr'><em>ἔχθρας</em></span> <span class='ocrx_word' id='word_1_289' title='bbox 1291 4188 1347 4244; x_wconf 77' lang='grc' dir='ltr'>καὶ</span> 
     </span>
    </p>
   </div>
   <div class='ocr_carea' id='block_1_6' title="bbox 181 4473 1345 4640">
    <p class='ocr_par' dir='ltr' id='par_1_9' title="bbox 181 4473 1345 4640">
     <span class='ocr_line' id='line_1_36' title="bbox 292 4473 1345 4548; baseline 0.001 -17"><span class='ocrx_word' id='word_1_290' title='bbox 292 4483 383 4548; x_wconf 50' lang='lat' dir='ltr'>etat.</span> <span class='ocrx_word' id='word_1_291' title='bbox 411 4483 435 4531; x_wconf 83' lang='lat'>2.</span> <span class='ocrx_word' id='word_1_292' title='bbox 455 4474 577 4542; x_wconf 79' lang='grc' dir='ltr'><em>ποιήσειε.</em></span> <span class='ocrx_word' id='word_1_293' title='bbox 603 4473 777 4548; x_wconf 79' lang='grc' dir='ltr'><em>σομιιονῆσειε</em></span> <span class='ocrx_word' id='word_1_294' title='bbox 804 4475 912 4531; x_wconf 78' lang='lat' dir='ltr'>Jacobs.</span> <span class='ocrx_word' id='word_1_295' title='bbox 935 4506 968 4517; x_wconf 90' lang='lat'><em>—</em></span> <span class='ocrx_word' id='word_1_296' title='bbox 982 4475 1091 4545; x_wconf 66' lang='grc' dir='ltr'><em>ὄψεσθε.</em></span> <span class='ocrx_word' id='word_1_297' title='bbox 1115 4473 1233 4544; x_wconf 71' lang='grc' dir='ltr'><em>ὄψεσθαι</em></span> <span class='ocrx_word' id='word_1_298' title='bbox 1259 4478 1291 4534; x_wconf 89' lang='grc' dir='ltr'>Β.</span> <span class='ocrx_word' id='word_1_299' title='bbox 1306 4478 1345 4533; x_wconf 89' lang='lat' dir='ltr'>M.</span> 
     </span>
     <span class='ocr_line' id='line_1_37' title="bbox 181 4563 1212 4640; baseline -0.001 -17"><span class='ocrx_word' id='word_1_300' title='bbox 181 4579 209 4630; x_wconf 84' lang='grc'>3.</span> <span class='ocrx_word' id='word_1_301' title='bbox 229 4574 277 4623; x_wconf 72' lang='grc' dir='ltr'>τοῦ</span> <span class='ocrx_word' id='word_1_302' title='bbox 295 4567 360 4640; x_wconf 74' lang='grc' dir='ltr'>πρὸς</span> <span class='ocrx_word' id='word_1_303' title='bbox 378 4567 488 4624; x_wconf 83' lang='lat' dir='ltr'>Reiske.</span> <span class='ocrx_word' id='word_1_304' title='bbox 507 4573 580 4620; x_wconf 76' lang='grc' dir='ltr'><em>τοῦτο</em></span> <span class='ocrx_word' id='word_1_305' title='bbox 598 4564 664 4636; x_wconf 75' lang='grc' dir='ltr'>πρὸς</span> <span class='ocrx_word' id='word_1_306' title='bbox 680 4567 729 4625; x_wconf 84' lang='lat' dir='ltr'>rel.</span> <span class='ocrx_word' id='word_1_307' title='bbox 766 4571 790 4620; x_wconf 80' lang='lat' dir='ltr'>t.</span> <span class='ocrx_word' id='word_1_308' title='bbox 809 4563 985 4636; x_wconf 71' lang='grc' dir='ltr'><em>ἀπάγξονται,</em></span> <span class='ocrx_word' id='word_1_309' title='bbox 1004 4565 1152 4626; x_wconf 62' lang='lat' dir='ltr'>dindimus</span> <span class='ocrx_word' id='word_1_310' title='bbox 1172 4567 1212 4624; x_wconf 86' lang='lat' dir='ltr'>M.</span> 
     </span>
    </p>
   </div>
   <div class='ocr_carea' id='block_1_7' title="bbox 0 0 1631 5312">
    <p class='ocr_par' dir='ltr' id='par_1_10' title="bbox 0 0 1631 5312">
     <span class='ocr_line' id='line_1_38' title="bbox 0 0 1631 5312; baseline 0 0"><span class='ocrx_word' id='word_1_311' title='bbox 0 0 1631 5312; x_wconf 95' lang='lat' dir='ltr'> </span> 
     </span>
    </p>
   </div>
  </div>
 </body>
</html>
