3234 5312
635 371 961 446 -19-ss«

274 565 350 645 ,Sed
385 588 462 632 cum
485 566 568 632 mihi
598 564 777 630 dicendum
801 565 844 630 sit
866 564 908 630 de
932 565 1040 630 oificio
1056 586 1124 629 non
1143 563 1332 650 decipiendi

165 674 309 760 patriam
333 677 442 759 neque
466 672 622 758 privandi
644 693 705 738 vos
738 673 911 758 promisse,
946 672 1037 758 quod
1069 672 1161 736 nullo
1192 679 1330 757 cogente

163 781 376 867 pronuntiavi
402 801 620 866 nequaquam
639 779 728 844 facili
757 779 921 865 multique
945 786 1109 864 sumptus
1134 778 1217 844 illud
1247 779 1331 844 mihi

164 886 398 952 difficillimum
423 909 614 973 magnaque
638 907 719 952 cura
742 886 884 972 dignum
899 886 1130 964 videturesse,
1156 908 1223 971 quo
1246 885 1331 950 nihil

166 995 339 1060 molestius
363 1001 422 1073 est,
447 1015 557 1080 neque
581 993 663 1079 quid
687 993 847 1059 debeatur
870 1015 948 1058 cum
971 993 1096 1058 maiore
1119 994 1232 1058 tenore
1249 993 1331 1057 scili-

166 1106 218 1167 oet
241 1101 383 1186 gratiae;
415 1101 574 1166 nimirum
604 1100 687 1165 illud
719 1100 869 1167 debitum
902 1106 934 1166 et
962 1098 1143 1186 impudens
1166 1107 1215 1164 est
1245 1106 1277 1164 et
1300 1120 1330 1164 a·

166 1208 313 1286 uerbum,
338 1209 367 1273 si
389 1207 476 1273 tardi
499 1207 657 1274 debitoris
680 1207 787 1293 gratia
810 1208 846 1272 in
871 1207 1021 1272 debitum
1044 1213 1195 1272 vertatur
1219 1206 1329 1292 [idque

165 1315 307 1401 augeatl,
332 1315 424 1400 quod
452 1314 604 1380 acerbius
631 1336 652 1379 a
667 1313 1065 1399 tacentibuspostuletur,
1083 1335 1185 1398 quam
1209 1313 1329 1379 avoci·

170 1422 363 1488 ferentibus.
396 1421 514 1508 Neque
538 1423 629 1488 enim
652 1422 720 1486 ulla
741 1443 776 1487 re
800 1421 908 1506 inagis
924 1421 1089 1486 debitores
1105 1427 1179 1487 vest
1165 1421 1206 1486 tri
1222 1420 1332 1486 admo·

167 1535 299 1608 nentur
324 1551 428 1615 quam
451 1529 618 1594 oblivione
642 1534 714 1594 vest
715 1529 770 1594 ra’

273 1637 391 1712 Querit
391 1658 432 1701 ur
377 1635 517 1713 tDio
535 1635 626 1721 quod
643 1657 717 1700 aere
730 1635 880 1720 quodam
896 1636 1003 1702 alieno
1027 1602 1213 1701 civibus
1239 1634 1332 1722 [μηδὲ

166 1744 388 1831 ἀποστερῆσαι
412 1771 472 1829 την
494 1741 671 1829 ὑπόσχεσιν
694 1741 714 1812 d
726 1772 749 1829 μ
761 1772 783 1809 α
770 1743 820 1828 “gl
845 1763 951 1828 eoque
975 1764 1103 1827 magn
1116 1764 1135 1807 0
1171 1741 1333 1830 [οὐδαμοῖς

167 1853 289 1942 ῥᾳδίαν
305 1853 380 1920 οὐδὲ
396 1843 514 1934 ἆλίγοον
529 1845 713 1938 χρημάτων]
732 1856 913 1934 prematur,
931 1850 1020 1934 quod
1038 1849 1161 1914 ultro
1187 1849 1334 1938 [μηδενὸς

165 1956 421 2042 ἀναγκάζοντος]
456 1957 671 2042 promisisset.
719 1956 818 2033 Quod
850 1956 1062 2042 promissum,
1093 1956 1191 2041 quale
1222 1956 1331 2034 luerit,

167 2085 209 2130 ex
234 2063 439 2130 orationibus
464 2065 518 2142 45,
542 2064 595 2142 47,
620 2064 663 2128 48
689 2063 858 2142 discimus,
882 2064 918 2128 in
942 2063 1065 2149 quibus
1089 2063 1152 2127 Dio
1184 2063 1224 2127 de
1248 2062 1333 2128 aedi·

166 2173 249 2237 ficiis
273 2171 477 2257 quibusdam
500 2171 572 2255 ipso
597 2176 730 2236 auctore
754 2170 963 2236 exstruendis
994 2170 1096 2236 verba
1119 2171 1206 2235 iacit.
1256 2170 1332 2246 Qua

166 2301 208 2344 ex
225 2301 259 2344 re
275 2278 486 2365 perficienda,
511 2299 553 2342 ne
569 2277 695 2344 aerario
712 2277 845 2360 publico
862 2278 958 2343 nimii
975 2284 1130 2362 sumptus
1146 2283 1328 2355 orerentur,

166 2388 256 2452 cives
280 2385 401 2472 opibus
425 2391 458 2450 et
480 2385 675 2450 auctoritate
698 2385 862 2462 florentes,
886 2385 921 2449 in
939 2406 1084 2471 quorum
1107 2405 1248 2449 numero
1265 2383 1330 2448 Dio

166 2515 302 2580 quoque
326 2499 396 2587 erat
421 2492 482 2578 147,
496 2495 548 2556 19:
574 2489 660 2560 οἷλλοὶ
685 2504 740 2560 καὶ
765 2485 866 2572 αυτοῖς
883 2493 1134 2579 συμβάλλεσθαι
1156 2504 1252 2583 μέρος
1274 2499 1332 2578 τῆς

165 2605 381 2683 ὕποσχέσιιος,
406 2598 487 2668 ὅσοι
510 2603 726 2687 κουφίζεσθαι
749 2596 824 2679 τούς
847 2599 985 2683 ἄλλους],
1015 2605 1170 2684 sumptus
1193 2619 1332 2684 operum

168 2708 232 2775 sibi
263 2707 479 2772 iniunxerant
511 2708 572 2791 lif),
587 2708 642 2772 16:
677 2708 762 2774 ἄλλα
793 2704 915 2785 πάντες
943 2710 986 2786 οἷς
1015 2707 1067 2770 ἐπ’
1094 2706 1237 2789 α’γαθοῑς
1260 2700 1331 2775 odor

171 2829 229 2885 καὶ
268 2827 482 2905 συμφέρουσιν
520 2817 556 2882 οὐ
595 2812 679 2904 λόγῳ
711 2812 812 2900 μόνον
836 2810 1096 2904 συμπράττοντος
1124 2822 1182 2880 καὶ
1220 2834 1334 2892 συνιις·

173 2921 343 3010 φέροντις].
390 2921 579 2987 illustratur
601 2920 704 3006 igitur
719 2919 790 2985 loco
807 2941 908 3005 supra
923 2919 1092 3005 proposito
1109 2920 1210 2984 etiam
1227 2919 1332 2984 oratio

167 3031 222 3109 48,
247 3051 315 3115 qua
338 3028 498 3094 discimus
521 3029 646 3093 Prusae
670 3048 839 3092 summam
854 3026 1118 3112 indignationem
1137 3032 1244 3091 ortam
1261 3047 1332 3091 esse

167 3144 284 3202 contra
306 3158 372 3215 eos,
397 3136 456 3221 qui
472 3135 636 3221 promissa
651 3156 718 3200 nou
736 3134 921 3212 solvissent,
946 3155 1049 3219 quam
1065 3132 1331 3218 indignationem

168 3244 264 3310 Dio
256 3265 330 3330 ipsa
353 3243 501 3308 oratione
524 3243 567 3306 48
591 3243 776 3327 placaret
746 3241 881 3306 studuit.
929 3240 995 3306 Sed
1026 3261 1068 3305 ne
1097 3247 1170 3304 tum
1194 3239 1331 3326 quidem

167 3353 227 3417 uni
258 3351 358 3416 Dioni
390 3355 652 3416 succensuerunt
686 3349 784 3425 cives
821 3349 861 3412 ct
886 3348 1011 3424 4811:
1045 3349 1101 3414 διοὶ
1125 3350 1216 3415 τίδὲ
1239 3373 1330 3437 παρα

170 3461 294 3528 τουτων
317 3460 426 3544 μὲν
403 3474 584 3532 απαιτιῑοι,
609 3463 686 3545 παρ’
712 3457 792 3542 ἐμοῦ
815 3457 910 3522 δὲ’
874 3483 931 3523 ουκ
954 3458 1142 3536 ducetur&

274 3566 326 3642 40,
336 3565 365 3629 5.
414 3563 445 3649 2)
469 3575 525 3630 καὶ
549 3565 856 3653 φιλοφρονήσασθαι
880 3571 1010 3631 τοσοῦτο
1025 3559 1129 3648 μόνον
1152 3573 1209 3628 καὶ
1228 3566 1332 3630 θῦσαι

166 3691 232 3752 τοῖς
255 3681 346 3751 θεοῖς
368 3683 424 3738 καὶ
448 3669 485 3759 νή
510 3680 573 3736 Δία
597 3663 786 3753 α’ναγνῶναι
810 3671 850 3736 vol
874 3670 1053 3759 γράμματα
1077 3665 1119 3736 σοὶ
1152 3677 1211 3737 τοῦ
1242 3670 1331 3736 αὐτο-

166 3777 329 3870 κράτορος,
354 3777 409 3846 ὅτε
433 3777 618 3860 ἀναγκαῖον
640 3771 692 3865 ἧν.

275 3887 328 3965 ‚Et
351 3885 523 3950 liberalem
549 3905 603 3948 me
634 3889 801 3968 praestare
826 3905 894 3948 non
917 3883 982 3948 nisi
1013 3883 1049 3947 in
1079 3881 1178 3948 rebus
1208 3880 1331 3947 divinis

165 3993 382 4060 instituendis
413 3998 446 4056 et
477 3992 513 4056 in
545 3990 695 4076 legendis
729 3991 893 4056 mehercle
927 3990 1136 4076 imperatoris
1170 3989 1330 4074 epistulis,

166 4123 246 4166 cum
269 4120 402 4165 necesse
426 4098 515 4164 erat’

275 4207 318 4272 Et
340 4207 403 4272 hoc
427 4205 565 4292 quidem
588 4204 659 4270 looo
684 4204 757 4282 Dio,
790 4227 865 4270 curn
892 4209 1037 4290 exponat
1060 4225 1204 4289 aequum
1230 4204 1332 4270 fuisse

166 4337 239 4382 sese
263 4314 362 4379 rebus
386 4311 528 4399 publicis
552 4312 689 4377 omnino
706 4311 882 4390 abstinere,
908 4312 971 4376 nisi
995 4294 1023 4375 si
1039 4311 1151 4396 aliqua
1174 4310 1215 4375 de
1231 4331 1332 4376 causa

274 4586 348 4654 luo.
385 4587 411 4641 8.
431 4579 471 4634 ὅτε
490 4581 567 4639 Geel.
585 4578 628 4634 ὅτι
647 4577 718 4634 libri¹
