3234 5312
763 319 982 387 ...24-

293 520 433 606 quidem
468 528 540 584 tum
578 517 724 604 perlecta
758 519 861 584 luisse
896 541 937 583 ex
971 517 1082 584 verbis
1116 518 1153 584 cri
1188 524 1250 601 μὲν
1272 516 1454 594 βούλεσθαι

291 627 466 712 colligitur,
491 647 699 712 quamquam
723 626 857 690 initium
882 625 929 690 rei
945 626 1072 690 lactum
1095 645 1166 690 esse
1190 630 1223 688 et
1245 644 1285 688 ex
1301 622 1352 701 iis,
1370 643 1454 707 quae

291 741 487 819 sequuntur,
513 740 608 799 etex
632 733 838 798 orationibus
862 733 905 798 40
929 739 962 797 et
984 732 1025 796 47
1051 737 1189 796 constat,

397 841 515 920 45,13.
564 840 596 928 2)
619 853 676 908 acti
699 848 814 909 τοῦτον
836 842 894 908 τὰν
928 840 1041 929 ἐρωτα,
1078 846 1141 906 εἴτε
1176 835 1333 906 παιδικόν
1364 839 1455 924 φήσει

291 975 339 1028 τις
362 956 425 1016 εἴτε
449 949 589 1036 οἷνόητον
612 974 670 1016 ουιι
693 945 830 1036 ἔξαρνός
853 955 928 1033 εἰμι,
957 946 993 1013 cd
1019 958 1075 1014 καὶ
1106 950 1299 1025 συνοικίζειν
1327 940 1456 1013 ἐθέλειν

292 1057 351 1144 τήν
384 1057 483 1123 πόλιν
515 1067 569 1123 και
602 1057 732 1141 πληῧος
756 1056 947 1170 ανθρώπων
972 1061 1017 1133 είς
1053 1055 1166 1139 αὐτήν,
1202 1052 1278 1120 ὅσοι
1302 1055 1456 1138 δύναμαι,

292 1151 491 1246 συναγαγεῖν
514 1174 570 1229 και
594 1154 633 1230 ori
655 1159 758 1248 μόνον
781 1158 849 1228 τοῖν
872 1163 1062 1250 ἐπιχωρίων,
1087 1161 1158 1227 αλλ’
1184 1167 1215 1227 ει
1237 1153 1425 1228 ὅυναυον
1404 1187 1455 1247 ην

292 1282 348 1337 και
371 1275 483 1354 ἑτέρας
506 1266 617 1349 πόλεις
641 1261 859 1336 συνελθεῖν
836 1270 1084 1349 αναγκασαντα

401 1397 519 1461 ,neque
532 1376 595 1441 hoc
611 1397 734 1454 amore,
747 1374 824 1440 licet
839 1375 976 1460 puerilis
992 1375 1185 1439 nominetur
1197 1381 1255 1439 aut
1263 1374 1392 1453 stultus,
1404 1397 1458 1440 me

293 1490 482 1569 correptum
506 1505 577 1549 esse
601 1503 704 1566 nego:
730 1482 875 1548 concedo
900 1504 954 1547 me
979 1481 1141 1567 oppidum
1165 1482 1201 1545 iu
1224 1503 1329 1546 unum
1347 1482 1457 1546 locum

293 1591 487 1657 contrahere
511 1589 595 1656 velle
620 1589 804 1674 eodemque
840 1609 943 1674 quam
969 1589 1153 1654 maximam
1176 1588 1354 1653 hominum
1377 1589 1459 1653 mul-

293 1698 472 1764 titudinem
496 1697 659 1782 colligere,
684 1718 752 1760 non
777 1695 1046 1761 suburbanorum
1076 1696 1194 1774 solum,
1227 1695 1285 1760 sed
1317 1696 1459 1760 aliorum

294 1826 431 1891 quoque
447 1804 648 1890 oppidorum
666 1803 766 1882 cives,
791 1804 818 1867 si
835 1803 906 1868 fieri
923 1810 1043 1888 posset,
1069 1803 1247 1869 convenire
1264 1809 1459 1888 cogentem?

400 1911 563 1979 Novam
555 1932 623 1976 ram
647 1910 786 1975 Diot
735 1916 786 1974 rat
786 1911 898 1976 ionem
922 1910 1052 1975 civibus
1075 1909 1330 1995 ostenditque
1353 1915 1409 1995 pat
1408 1910 1462 1975 ria

294 2019 408 2104 angeri
448 2019 562 2104 possit.
625 2017 679 2082 Ad
717 2017 972 2102 Epaminondae
1013 2018 1112 2093 enim,
1152 2017 1282 2096 Thesei,
1318 2017 1462 2082 aliorum

295 2126 448 2211 exempla
466 2147 651 2210 provocans
675 2123 793 2190 suadet
780 2123 1098 2210 tpopularibus,ut
1062 2125 1326 2210 usynoccismo
1342 2125 1460 2189 urbem

294 2232 455 2318 ampliare
491 2231 657 2297 studeant.
704 2232 876 2316 Coguntur
910 2232 1000 2296 enim
1025 2254 1093 2296 non
1128 2231 1235 2296 solum
1265 2230 1462 2310 suburbani,

296 2339 356 2411 sed
380 2339 491 2404 etiam*
504 2339 730 2404 adiacentium
760 2338 912 2403 vicorum
944 2338 1071 2403 incolae
1095 2339 1219 2404 Prusae
1254 2338 1464 2404 domicilium

297 2446 467 2512 collocare.
516 2445 578 2510 Cui
602 2445 649 2510 rei
673 2445 893 2531 perficiendae
917 2467 1067 2510 summas
1091 2445 1302 2511 difficultates
1330 2444 1464 2510 obstare

297 2554 361 2619 Dio
385 2554 456 2639 ipse
480 2575 548 2618 non
572 2559 672 2638 negat
705 2552 831 2638 puerile
860 2559 918 2618 aut
947 2552 1086 2618 stultum
1116 2553 1256 2618 fortasse
1286 2552 1467 2617 consilium

296 2661 380 2726 illud
403 2661 509 2727 videri
533 2659 727 2726 concedens

403 2768 522 2843 45,14.
552 2769 600 2833 15.
649 2769 679 2846 3)
704 2760 743 2836 ori
766 2766 832 2854 priv
856 2769 926 2834 ἀλλ’
945 2768 1163 2853 ἐπιστάμενός
1184 2796 1219 2851 γε
1237 2768 1297 2848 τοὶς
1314 2769 1467 2846 διανοίας

298 2883 364 2943 τοῖν
388 2877 516 2942 ἐνθάδε
546 2874 739 2962 ἀνθρώπων
769 2875 867 2941 ἐνίων
897 2886 952 2942 καῖ
985 2873 1045 2961 τήν
1068 2876 1211 2960 ἐμαυτοῦ
1235 2872 1377 2960 δύναμιν
1407 2887 1467 2941 καὶ

299 2982 358 3062 τας
382 2984 538 3068 ἀσχολίας
567 2993 622 3049 καὶ
645 2982 703 3047 τόν
726 2982 843 3070 χρόνον
866 2989 921 3068 τῆς
951 2983 1136 3068 ἐπιδημίας,
1167 2979 1220 3048 ὅτι
1249 3009 1306 3067 μοι
1336 2982 1467 3071 βραχύς

299 3092 367 3156 ἐστι
400 3092 579 3168 πανυελοῖς,
606 3088 679 3158 olive
702 3086 908 3176 ἡπτόμην
941 3081 1126 3168 oilardo
1157 3090 1364 3175 μείζονος
1388 3087 1468 3157 οὔτε

349 3269 614 3278 ...affl—...-

406 3377 497 3442 lala
537 3375 559 3425 1.
580 3375 666 3440 ἔρωτα
685 3371 786 3426 Reiske
806 3374 887 3440 ἔρωτα
908 3369 989 3430 οὕτως
1007 3371 1078 3428 libri.
1098 3375 1179 3442 ἔρωτα
1199 3371 1284 3432 ὄντως
1302 3390 1372 3440 susp.
1386 3373 1468 3442 Emp.

300 3469 324 3517 2.
345 3466 408 3532 εἰμι,
427 3465 490 3531 εἰμι,
510 3459 571 3514 ὥστε
591 3461 711 3529 Pflugk,
730 3460 776 3528 qui
804 3468 865 3528 post
887 3459 1039 3530 ιῖναγαγεῖν
1057 3460 1206 3528 interponit
1229 3460 1363 3532 ὁμολογοῖ,
1383 3492 1414 3501 -
1438 3461 1469 3515 τό

300 3554 344 3604 καὶ
363 3552 395 3605 Β.
416 3551 455 3606 M.
476 3553 520 3602 καὶ
539 3548 565 3602 ro*
586 3551 701 3604 Oasaub.
720 3567 741 3604 r.
761 3553 805 3602 καὶ
824 3556 862 3620 τῴ
880 3551 927 3604 rel.
948 3553 992 3602 καὶ
1011 3549 1148 3615 δεδήλωκα
1168 3549 1194 3603 τὸ
1213 3551 1322 3606 Reiske.
1335 3582 1364 3590 -
1380 3570 1469 3604 συνοι-

301 3644 385 3702 κίζειν
403 3641 435 3694 Β.
456 3639 496 3694 Μ.
516 3639 631 3695 Casaub.
660 3656 680 3696 r.
701 3647 750 3691 νυν
778 3643 887 3702 οἰκίζειν
915 3641 961 3694 rel.
1000 3645 1023 3694 4.
1044 3645 1207 3710 συναγαγεῖν
1234 3641 1267 3696 Β.
1296 3641 1335 3695 M.
1363 3640 1470 3697 Reiske

300 3729 453 3800 ιῖναγαγεῖν
472 3730 520 3784 rel.
540 3759 570 3768 -
587 3730 631 3781 acl
647 3727 685 3782 ori.
701 3731 744 3780 καὶ
758 3728 840 3783 deleri
855 3731 915 3783 vult
928 3729 1005 3796 Emp.
1043 3735 1066 3783 5.
1087 3727 1289 3800 ἀναγκάσαντα,
1309 3727 1470 3800 ἀναγκάσας

302 3819 410 3874 Reiske.

409 3913 502 3972 45,st
531 3915 556 3965 2.
575 3910 654 3960 ἐνίων
672 3924 724 3961 om.
746 3908 778 3964 B.
793 3913 817 3964 3,
836 3929 884 3978 μοι
904 3909 936 3962 Β.
956 3909 997 3965 Μ.
1017 3908 1131 3962 (lasaub.
1151 3926 1181 3978 r.‚
1200 3908 1237 3980 μή
1258 3926 1285 3962 v.
1300 3927 1334 3963 m.
1349 3918 1372 3966 6.
1392 3909 1471 3963 αὐτοὶ

304 3998 355 4052 (lel.
374 3997 484 4066 Reiske,
511 3997 557 4050 αἐί
573 4018 595 4050 τι
623 3997 732 4065 Jacobs,
758 3996 799 4050 τῖεὶ
818 3999 894 4054 Geel.
918 3999 996 4066 Ilmp.
1017 4027 1049 4037 -
1070 3997 1196 4051 τοιούτων
1215 3999 1317 4054 Reiske
1335 3996 1473 4054 τοιούτων

302 4094 414 4140 τοιαῦτα
435 4088 482 4142 rel.
503 4085 628 4140 τοιούτων
647 4088 690 4140 καὶ
710 4093 818 4139 τοιαῦτα
837 4090 880 4142 vel
899 4085 1026 4140 τοιούτων
1052 4085 1084 4140 tri
1103 4086 1186 4140 πολλοὶ
1207 4088 1313 4143 Selden.
1338 4087 1474 4142 corciram

301 4174 383 4228 urrini
406 4177 480 4233 (ieel.
500 4175 694 4246 ἀνεπτέρωνται
714 4179 758 4228 καὶ
778 4183 889 4230 τοιαῦτα
908 4176 1014 4245 [deletis
1033 4193 1058 4234 v.
1078 4175 1152 4229 αὐτοὶ
1172 4178 1238 4246 περὶ]
1258 4178 1365 4246 Pflngk.
1403 4179 1475 4246 7,ῐί

301 4263 427 4337 ἐνόμιζον
445 4265 489 4319 vel
507 4270 536 4317 εἴ
551 4286 576 4318 τι
596 4263 721 4336 ἐνόμιζον
740 4266 817 4334 Emp.
837 4268 881 4318 καὶ
900 4267 1025 4338 ἐνόμιζον
1051 4265 1121 4320 libri.
1148 4270 1266 4338 νομίζων
1293 4267 1401 4321 Reisks.
1432 4259 1476 4321 niv

301 4356 344 4407 xci
365 4352 490 4424 ἐνόμιζον
510 4354 616 4408 Seldcn.
637 4353 652 4406 t*
670 4357 715 4406 καὶ
734 4353 859 4426 ἐνόμιζον
877 4355 985 4410 Jacobs.
1007 4385 1037 4394 ·-
1058 4361 1205 4426 σνμιγέρειν
1224 4355 1264 4413 Μ,
1278 4356 1384 4412 Selden.
1404 4376 1478 4430 συμ-

302 4450 385 4515 ιγίρον
404 4443 480 4511 reliq,
519 4449 542 4497 8.
562 4451 725 4508 κατασκευῆς
744 4445 854 4502 Reiske.
881 4451 1046 4510 κατασκευῆς
1064 4446 1141 4498 ἕνεκα
1167 4445 1214 4501 rel.
1237 4450 1274 4498 15.
1296 4451 1320 4498 2.
1341 4445 1478 4511 ποιήσειε.

300 4530 476 4605 συμπονῆσειε
495 4534 604 4589 Jacobs,
624 4563 655 4571 —
676 4531 784 4600 ὅιμεσθε.
805 4533 923 4602 insecutae
942 4535 975 4592 Β.
994 4535 1033 4589 M.
