3234 5312
172 519 342 608 ἠπείχθην
376 527 424 586 61;
460 523 558 606 τυχὸν
591 523 654 612 γαρ
688 525 839 608 ἠλπίζετε
872 521 978 607 κάμοῦ
1010 518 1227 607 μετασχόντος
1258 523 1340 609 ῥᾷον

171 632 302 711 μᾶλλον
330 641 386 696 καὶ
412 623 651 715 α’σηαλέστερον
675 628 810 696 ἔσεσθαι
834 630 971 712 nervat
1030 628 1102 692 Iam
1136 649 1225 705 vere,
1261 647 1339 691 eum

170 735 206 799 in
234 735 448 801 6161166640
483 735 612 800 dixerat
646 734 826 800 cunctandi
861 757 997 800 causam
1031 735 1133 800 fuisse
1157 734 1338 798 Prusenses

170 841 339 926 quosdam
374 843 502 925 [40,17:
538 840 783 928 εὐλαβούμενος,
819 843 862 929 μη“
893 853 1028 931 γένηται
1059 848 1151 911 τοῦτο
1185 839 1338 928 ἐμποδών

170 949 230 1018 οὐκ
254 948 395 1029 ἰκτίνοις,
421 943 505 1016 οἷλλνῖ
541 954 624 1017 τῶν
655 949 880 1018 ἐντεῦθέν
902 951 1013 1032 vend,
1047 949 1084 1012 111
1115 948 1264 1012 oratione
1295 947 1336 1010 41

169 1056 311 1140 exponit
346 1079 379 1122 se
416 1055 623 1142 Apamenses
658 1057 841 1141 respexisse
879 1057 991 1142 [41‚8:
1039 1058 1109 1123 ἀλλ’
1147 1055 1339 1142 αἰδούμενος

169 1167 261 1250 11μοῖ
270 1163 305 1249 gi.
353 1163 464 1229 Verba
488 1169 610 1241 autem,
636 1184 722 1248 quae
745 1163 831 1242 41‚8
855 1162 962 1228 addit:
993 1176 1049 1230 nat
1073 1168 1213 1247 νομίζων
1236 1189 1339 1252 χρησι-

167 1272 314 1362 μώτερος
332 1272 469 1338 ἔσεσθαι
489 1270 647 1350 κοῖκείνοις
664 1284 719 1338 καὶ
736 1267 824 1354 ὑμῖν,
851 1270 911 1338 ἐάν
927 1273 1074 1358 δύνωμαι
1090 1274 1186 1356 φίλας
1202 1276 1339 1355 ποιησαι

168 1380 234 1458 τοὶς
269 1379 379 1453 πόλεις
413 1382 479 1446 τῶν
513 1406 547 1444 τε
584 1375 740 1465 πρότερον
779 1376 970 1466 ζητημάτων
999 1379 1198 1456 ἀπαλλάξας
1222 1385 1278 1444 καὶ
1301 1373 1337 1443 τό

167 1487 289 1554 λοιπὸν
324 1493 368 1564 εἰς
400 1479 536 1553 εὔνοιαν
575 1497 630 1552 καὶ
662 1486 820 1570 ὁμόνοιαν
849 1483 1128 1577 προτρεψάμενος,
1159 1483 1339 1556 fatebimur

168 1592 286 1678 paullo
310 1591 501 1657 obscuriora
525 1612 604 1656 esse.
653 1592 721 1656 Cur
744 1591 835 1656 enirn
865 1591 1085 1657 cunctabatur
1108 1591 1181 1669 Dio,
1214 1590 1241 1655 si
1273 1611 1337 1654 cre-

167 1698 256 1763 didit
280 1720 313 1764 66
338 1697 549 1765 removendis
581 1699 813 1765 controversiis
849 1706 881 1763 et
916 1699 1061 1764 amicitia
1095 1698 1131 1762 in
1166 1703 1337 1782 posterum

166 1805 381 1872 concilianda
403 1806 536 1892 utrique
561 1805 636 1871 urbi
660 1805 776 1870 utilem
800 1807 896 1870 fore?

279 1912 442 1998 Apertum
458 1912 612 1979 videlicet
627 1919 676 1978 est
691 1935 713 1980 v
725 1935 741 1978 e
752 1935 841 1978 ram
859 1934 995 1978 oausam
1011 1911 1173 1977 contineri
1189 1911 1337 1978 oratione

163 2021 221 2086 40.
269 2019 502 2105 impediebant
517 2020 661 2085 Dionem
682 2019 863 2086 adversarii
877 2021 1058 2084 Prusenses
1085 2019 1135 2102 [de
1153 2017 1277 2104 quibus
1294 2018 1335 2082 61.

165 2149 259 2214 quae
274 2128 412 2213 exposui
425 2149 479 2212 pg.
492 2128 534 2190 42
544 2127 614 2212 sqi,
633 2127 813 2212 quominus
826 2126 1024 2192 conciliandi
1037 2126 1184 2191 officium
1201 2123 1336 2189 subiret.

163 2235 288 2320 Neque
304 2256 382 2300 vero
399 2234 439 2299 de
457 2233 646 2298 domesticis
662 2233 727 2298 illis
743 2232 996 2299 difficultatibus
1013 2232 1104 2319 apud
1127 2232 1336 2317 Apamenses

163 2340 272 2407 libere
295 2347 424 2427 poterat
448 2362 622 2426 exponere.

271 2535 452 2637 ⁸Orationes
487 2558 565 2604 vero
601 2538 644 2602 40
675 2538 782 2617 6141,
817 2557 917 2622 quern
954 2542 1112 2602 eventum
1147 2506 1335 2611 habuerint,

163 2663 239 2707 non
265 2642 433 2722 discimus,
460 2666 665 2730 quamquam
680 2645 824 2730 supicari
848 2644 924 2709 licet
947 2643 1036 2708 haud
1053 2643 1176 2708 frustra
1193 2645 1336 2711 Dionem

164 2749 320 2814 locutum
343 2771 422 2815 esse.
471 2751 559 2815 Nam
583 2750 749 2836 siquidem
773 2751 877 2816 oratio
900 2751 943 2815 48
967 2750 1138 2836 aliquanto
1169 2758 1244 2836 post
1267 2775 1334 2818 ora-

165 2855 276 2920 tiones
308 2857 351 2921 40
375 2863 406 2922 61
429 2857 470 2921 41
507 2856 621 2922 habita
657 2864 715 2936 est,
752 2857 842 2944 quod
879 2880 919 2924 ex
955 2857 1077 2923 sedatis
1112 2879 1150 2922 eo
1185 2865 1334 2944 ternpore

164 2963 353 3028 inimicitiis
376 2964 494 3030 Dionis
518 2986 596 3030 cum
620 2964 818 3031 adversariis
843 2964 1073 3044 concluserim,
1108 2987 1146 3030 eo
1174 2973 1333 3051 tempore,

166 3090 238 3154 quo
261 3069 325 3135 Dio
349 3071 532 3136 orationem
556 3072 599 3136 48
623 3071 750 3151 habuit,
775 3072 927 3137 restituta
956 3078 1026 3137 erat
1056 3072 1233 3138 eoncordia
1255 3074 1334 3138 Pru-

136 3176 139 3183 '
166 3175 318 3242 sensium
342 3199 419 3243 eum
436 3177 694 3263 Apamensibus,
719 3179 800 3264 quia
817 3179 880 3244 Dio
905 3186 1006 3265 negat
1023 3201 1100 3244 eum
1117 3179 1184 3245 ulla
1201 3180 1333 3245 civitate

165 3283 392 3349 Prusensibus
415 3284 607 3350 inimicitias
631 3307 701 3350 esse
732 3286 842 3369 [48,4;
875 3293 937 3356 νῦν
959 3288 1032 3375 γάρ,
1057 3289 1118 3357 ἐοὲν
1142 3288 1334 3373 διενεχθῆτε

166 3392 253 3478 πρός
275 3419 350 3460 τινα
375 3393 482 3461 πόλιν
509 3388 528 3459 11
550 3396 662 3480 μηδεὶς
686 3395 831 3480 ποιήσειε
855 3396 969 3477 desivi
