3234 5312
773 353 992 419 ..64-

303 558 368 620 cciv
391 551 629 638 ἡγεμόνων.
676 550 707 615 5.
732 549 769 618 cri
791 551 857 636 μὴν
881 553 998 635 ὁμοίως
1021 549 1132 617 ἐλύπει
1161 545 1198 615 τό
1223 546 1282 618 τόν
1297 551 1387 618 δεῖνα
1412 559 1468 616 καὶ

302 655 361 727 τόν
394 660 486 726 δεῖνα
522 662 588 725 τῶν
624 658 856 745 ἡγεμόνων
893 656 980 725 εἶναι
1015 657 1073 723 τόν
1109 657 1293 742 ποιὴσανια
1325 668 1381 724 καὶ
1406 684 1467 723 πα·

303 762 476 855 ρασχόντα.
524 765 553 829 6.
579 765 846 855 ἀντιγράψαντος
879 775 952 851 περὶ
979 768 1035 850 τὴς
1069 759 1250 849 διοικήσεως
1282 769 1348 831 τῶν
1371 763 1468 851 ἡγε-

302 873 448 960 μόνων
470 872 557 951 τινός
582 870 690 956 [falsas
714 891 784 935 esse
802 869 950 955 Emperii
967 867 1167 933 mutationes
1186 889 1319 934 necesse
1335 875 1470 934 nonest

303 973 446 1062 reterre}
494 977 557 1042 His
581 998 715 1062 quoque
742 976 822 1041 locis
850 976 1063 1062 magistratus
1092 975 1261 1040 Romanos
1285 976 1466 1061 significari

303 1085 520 1148 manifestum
532 1090 582 1148 est
592 1089 624 1148 et
633 1084 713 1167 quia
725 1090 942 1169 opponuntur
950 1085 1104 1170 ἡγεμόνες
1114 1088 1146 1146 et
1158 1085 1470 1168 litoraletpropter

302 1191 405 1257 verba
422 1185 687 1285 ἐπιγράψαντος
704 1202 778 1280 περὶ
794 1197 850 1289 ιὴς
867 1191 1049 1271 διοικήσεως
1068 1189 1145 1272 [scil.
1162 1197 1210 1280 τῷ
1233 1188 1467 1278 αιῗτοκράτορὴ.

304 1299 353 1362 De
388 1297 511 1384 quibus
545 1296 794 1383 magistratibus
826 1295 988 1361 iudicium
1024 1317 1187 1374 severum,
1226 1315 1335 1381 neque
1369 1296 1469 1380 plane

303 1404 413 1470 studio
438 1411 471 1470 et
495 1405 544 1470 ira
567 1426 713 1470 vacuum
736 1425 756 1468 a
781 1404 887 1469 Dione
910 1403 989 1468 ferri
1011 1403 1078 1467 iam
1104 1404 1251 1488 exposui.

409 1513 441 1600 4)
467 1511 565 1577 Nunc
588 1511 720 1596 adpone
743 1511 796 1589 45,
807 1513 836 1589 8,
862 1511 902 1576 de
927 1532 993 1595 quo
1017 1510 1088 1575 loco
1116 1511 1184 1576 iam
1208 1531 1310 1596 supra
1335 1510 1397 1596 [pg.
1416 1511 1466 1592 13]

303 1619 460 1704 exposui:
486 1624 717 1705 καιαμηνῦσαι
738 1620 774 1684 ιό
788 1619 978 1704 γιγνόμενον
1001 1630 1057 1685 καὶ
1080 1623 1159 1706 παρ’
1178 1615 1298 1686 εἰδόσιν
1315 1613 1390 1703 όμῑν
1407 1630 1466 1685 καῖ

303 1744 368 1804 τοῖς
391 1722 620 1813 ἡγεμόσιν·
647 1730 678 1792 εἰ
702 1728 738 1793 δὲ
760 1726 841 1812 μήτε
864 1726 957 1811 ιῗμεῑς
981 1738 1174 1813 προσείχετε,
1198 1727 1280 1812 μὴιε
1294 1731 1361 1792 τοῖν
1383 1721 1470 1810 ἡγε-

303 1835 448 1921 μόνων
471 1831 507 1899 τό
532 1831 669 1924 πρᾶγμα
704 1832 834 1920 ἡπτετο,
875 1835 912 1900 οδ
951 1834 1097 1918 χαλεπόν
1130 1827 1173 1919 ἡν
1207 1833 1386 1899 ἐπιστεῖλαι
1422 1839 1471 1922 τῷ

305 1933 526 2030 αόιοκρόιορι.
574 1939 695 2004 Tribus
719 1939 821 2024 igitur
844 1939 923 2004 locis
958 1939 999 2004 de
1029 1938 1127 2004 rebus
1161 1938 1303 2024 publicis
1326 1939 1469 2004 Prusen-

307 2047 399 2112 sibus
421 2046 562 2111 iudicari
586 2045 763 2112 discimus:
798 2047 888 2131 apud
921 2047 1010 2112 cives
1045 2047 1144 2132 ipsos,
1178 2046 1268 2131 apud
1292 2044 1468 2134 ἡγεμόνας,

305 2153 396 2239 apud
430 2154 673 2238 imperatorem.
726 2154 843 2238 Neque
875 2154 965 2218 enim
996 2155 1156 2241 ἡγεμόνας
1184 2154 1364 2218 Prusenses
1398 2174 1472 2217 esse

306 2261 519 2345 magistratus
543 2258 790 2324 demonstratur
806 2260 916 2325 verbis
940 2273 995 2328 καὶ
1020 2266 1098 2351 παρ’
1122 2263 1295 2328 εἰδόσιν
1318 2256 1397 2344 ἡμῖν
1412 2269 1473 2326 καῖ

261 2449 266 2460 ¹
305 2387 368 2444 ιοῑς
392 2367 552 2454 ἡγεμόσιν,
578 2365 637 2432 ubi
659 2366 702 2431 ad
726 2371 806 2454 όμϊν
828 2366 979 2452 adposito
1002 2367 1176 2453 participio
1200 2365 1321 2435 εἰδόσιν
1356 2373 1472 2453 aperte

306 2497 327 2540 a
349 2473 571 2540 Prusensibus
595 2473 855 2559 distinguuntur.
903 2475 1071 2540 Disoimus
1100 2475 1202 2559 igitur
1232 2495 1273 2538 ex
1304 2474 1366 2538 hoc
1397 2474 1472 2538 loco

307 2579 469 2670 ἡγεμόνας
505 2602 575 2646 esse
603 2581 817 2666 magistratus
841 2581 1021 2660 Romanoa,
1060 2581 1182 2666 quibus
1217 2581 1342 2646 Prusae
1378 2580 1474 2644 haud

307 2710 412 2775 parva
435 2694 580 2773 potestas
604 2695 682 2766 erat,
719 2709 795 2752 eum
831 2688 973 2754 civitatis
1009 2687 1139 2754 decreta
1173 2688 1266 2753 irrita
1300 2689 1407 2753 facere
1430 2687 1474 2751 iis

308 2797 427 2861 liceret.

416 2992 455 3057 V.
481 2991 597 3056 Restat
609 3011 697 3055 unus
709 2991 810 3070 locus,
828 2990 885 3055 ubi
902 2993 1055 3078 ἡγεμόνες
1066 3014 1134 3057 non
1149 2991 1294 3056 Romani
1310 2989 1472 3055 citantur:

414 3100 468 3178 48,
481 3100 536 3166 13:
574 3097 655 3166 o‘r‘ocs
696 3100 740 3185 μὴ
777 3101 954 3187 ἀρκεῖσθαι
990 3107 1054 3178 τοῖς
1090 3099 1201 3167 astruo
1235 3099 1474 3186 ἡγεμόσιν,

310 3205 381 3273 dtt’
406 3202 513 3295 ὥσπερ
537 3207 573 3272 ἐν
596 3222 661 3284 τοῖς
685 3198 833 3285 α’νιοὲτοις
856 3203 1014 3292 νοσὴμασι
1039 3205 1168 3272 δέονται
1197 3212 1297 3285 ξένοιν
1330 3210 1474 3295 largam

417 3318 464 3391 ,ut
496 3312 563 3376 iam
598 3333 666 3376 non
701 3311 851 3397 ipsorum
885 3312 1052 3398 principes
1089 3313 1265 3390 sufficiant,
1295 3312 1353 3377 sed
1376 3311 1476 3376 utin

310 3419 435 3484 morbis
459 3417 701 3484 insanabilibus
724 3419 849 3484 alienos
873 3418 1019 3484 medicos
1043 3418 1192 3484 adhiberi
1216 3440 1349 3484 necesse
1373 3419 1447 3483 sit?'

419 3526 495 3591 Uno
529 3526 592 3591 hoc
626 3526 697 3591 loco
730 3526 944 3611 magistratus
977 3526 1146 3592 urbani
1180 3527 1296 3591 vocula
1318 3523 1476 3612 ἡγεμόνες

311 3633 550 3717 significantur.
598 3633 714 3719 Neque
738 3655 816 3699 vero
852 3633 892 3700 de
917 3635 1023 3699 Prusa
1056 3633 1136 3699 dicit
1160 3634 1233 3711 Dio,
1269 3632 1326 3697 sed
1361 3633 1476 3696 locum

312 3761 523 3805 communem
548 3739 603 3804 hic
627 3740 770 3825 explicat
794 3739 834 3805 de
868 3740 950 3805 urbe
981 3741 1217 3819 tumultuante,
1255 3762 1357 3825 quam
1393 3760 1474 3804 eum

311 3847 448 3911 homine
471 3847 616 3931 graviter
639 3854 830 3932 aegrotante
853 3853 1024 3932 comparat
1047 3854 1147 3933 atque
1164 3847 1301 3932 exponit
1316 3847 1373 3911 tali
1397 3846 1478 3910 urbi

312 3952 469 4019 ducem
492 3953 639 4018 alienum
673 3954 908 4019 arcessendum
932 3976 1011 4019 esse.
1059 3955 1126 4019 Cur
1160 3955 1222 4019 hae
1245 3976 1325 4020 voce
1360 3960 1478 4018 utatur

300 4061 387 4138 Dic,
412 4058 553 4125 dubium
577 4067 635 4139 est,
661 4061 718 4125 sed
742 4082 821 4127 cave
845 4061 959 4148 credas
984 4061 1235 4127 Prusenses
1259 4061 1478 4146 magistratus

309 4167 359 4232 'ita
382 4167 570 4233 nominatos
594 4188 673 4232 esse.

421 4475 513 4540 48,13.
552 4475 575 4528 1.
593 4469 681 4523 αόιῶν
699 4470 777 4539 Emp.
797 4469 887 4524 αὐτῶν
904 4473 952 4526 rel.
972 4503 1004 4510 —
1019 4469 1156 4543 ἡγεμόσιν.
1177 4469 1313 4543 ἡγεμόσιν
1332 4471 1370 4526 Μ.
1397 4478 1421 4529 2,
1435 4474 1480 4526 δέ·

314 4579 398 4616 ονται.
418 4559 531 4612 δέωνται
550 4560 590 4615 Μ.
