3234 5312
759 338 978 410 „68-

291 537 417 616 babuit,
434 537 542 623 patria
558 557 625 600 non
640 535 778 600 'cessisse
794 549 903 619 neque
927 532 990 600 sibi
1005 533 1216 619 proposuisse
1234 533 1356 598 iterum
1379 554 1448 618 per·

294 645 446 729 egrinari.
502 641 712 720 Quibuscum
752 641 905 726 congruit
939 641 1097 706 orationis
1120 641 1172 718 44,
1207 640 1333 725 primae
1360 640 1449 706 illius

294 751 451 816 orationis
475 749 679 835 Bithynicae,
704 749 809 814 locus:

396 981 437 1046 Il.
484 981 576 1056 446:
609 983 741 1049 πολλῶν
770 982 833 1069 γάρ
856 981 1007 1068 πολλαχῆ
1030 981 1308 1070 παρακαλούντων
1330 1009 1370 1066 με
1393 991 1450 1048 καὶ

292 1098 449 1172 μένειν
464 1100 519 1156 καὶ
537 1096 756 1176 προίστασθαι
771 1095 837 1155 τῶν
855 1093 982 1164 κοινοῦν,
1007 1089 1043 1156 οὐ
1067 1095 1129 1156 νῦν
1149 1083 1259 1174 μόνον,
1285 1086 1369 1154 οἷλλοέ
1393 1098 1450 1154 καὶ

293 1195 459 1284 πρόαρον,
486 1191 541 1263 liar
564 1195 649 1282 ἤμην
672 1196 774 1282 φυγάς
789 1247 794 1258 .
811 1195 947 1263 ...οὐδὲ
970 1195 1103 1262 πώποτε
1120 1192 1197 1282 ἄχρι
1212 1191 1307 1277 λόγου
1330 1195 1365 1261 τό
1390 1223 1450 1261 τοι·

290 1307 384 1370 οὗτον
409 1301 610 1390 ὑπεσχόμην,
640 1304 708 1368 ἄλλ’
734 1303 801 1370 οὐδ’
834 1308 934 1369 οἰκίον
964 1301 985 1388 ἢ
1014 1314 1129 1389 χωρίον
1161 1299 1344 1388 ἐκτησάμην
1371 1309 1449 1392 παρ’

289 1415 419 1495 ἑτέροις,
445 1405 488 1488 οἷς
510 1411 613 1496 μηδὲν
635 1403 657 1508 ᾗ
678 1437 734 1494 μοι
757 1425 886 1496 σημεῖον
909 1401 1059 1494 α’λλαχοῦ
1081 1411 1247 1497 πατρίδος.

400 1533 495 1612 ,Nam
512 1554 588 1599 cum
606 1532 701 1597 multi
718 1554 771 1597 me
788 1532 902 1598 multis
918 1533 998 1598 locis
1013 1533 1202 1611 invitarent,
1227 1539 1264 1598 ut
1280 1555 1452 1598 manerem

291 1647 323 1705 et
349 1640 446 1705 rebus
481 1639 621 1725 publicis
656 1660 853 1724 praeessem,
878 1662 945 1704 non
980 1661 1071 1705 nunc
1106 1640 1223 1718 solum,
1259 1639 1317 1706 sed
1351 1646 1453 1705 antea

292 1768 537 1832 quoque,cu1n
569 1747 662 1811 exsul
693 1767 783 1811 eram
799 1797 804 1810 .
821 1799 826 1811 .
843 1769 1038 1832 ‚nunquam
1069 1747 1179 1814 verbis
1202 1747 1281 1812 talia
1303 1747 1452 1832 promisi,

292 1854 375 1938 quin
399 1853 498 1918 etiarn
522 1875 563 1918 ne
589 1853 725 1917 domurn
752 1853 889 1938 quidem
913 1859 970 1918 aut
1004 1875 1123 1938 agrum
1146 1853 1228 1918 mihi
1256 1852 1346 1939 apud
1369 1853 1453 1918 alios

295 1959 420 2045 paravi,
444 1982 486 2024 ne
511 1960 578 2025 ulla
602 1982 635 2025 re
659 1960 922 2025 demonstrarem
945 1960 1027 2024 mihi
1051 1959 1130 2025 alibi
1154 1960 1297 2046 patriam
1321 1959 1410 2026 esse'

403 2085 543 2150 Prusam
567 2086 668 2170 igitur
691 2085 754 2150 Dio
778 2106 874 2150 suam
898 2085 1040 2170 patriam
1064 2107 1134 2150 esse
1158 2085 1246 2163 dicit,
1282 2107 1360 2170 prae
1384 2107 1457 2171 qua

293 2214 411 2257 omnes
435 2192 576 2256 aliarum
599 2192 772 2258 civitatum
795 2192 937 2257 honores
955 2198 1097 2276 spernat.
1121 2249 1124 2254 .
1145 2192 1261 2277 Neque
1279 2213 1357 2257 vcro
1373 2213 1455 2257 eum

291 2300 338 2363 ita
360 2299 548 2364 locuturum
573 2299 684 2376 fuisse,
710 2299 737 2364 si
761 2298 823 2363 sibi
847 2299 1073 2384 proposuisset
1097 2298 1188 2364 brevi
1212 2304 1287 2383 post
1309 2297 1456 2384 patriam

291 2405 487 2490 relinquere,
512 2405 725 2469 manifestum
752 2413 809 2483 est,
835 2413 867 2470 et
890 2405 1014 2470 scimus
1040 2405 1181 2470 Dionem
1204 2404 1456 2490 Apamensibus

293 2513 432 2577 summis
456 2512 637 2577 honoribus
672 2533 750 2576 eum
786 2512 1006 2593 invitantibus
1041 2535 1109 2577 non
1144 2511 1339 2578 obsecutum
1370 2534 1456 2579 esse.

295 2619 337 2684 At
360 2619 674 2704 postealconsilium
697 2625 843 2684 mutasse
861 2619 1005 2686 Dionem
1028 2621 1284 2698 exorationum,
1309 2619 1352 2686 ad
1368 2640 1457 2704 quas

293 2747 383 2791 nunc
406 2725 605 2802 accedimus,
631 2725 710 2811 locis
734 2723 937 2810 quibusdam
960 2727 1163 2810 intelligitur.

399 2957 456 3021 III.
503 2957 555 3035 43,
567 2961 595 3022 6.
646 2957 674 3044 l)
697 2959 915 3046 βαρυνόμενοι
938 2959 999 3044 τήν
1021 2955 1103 3044 ἐμήν
1125 2959 1352 3045 ἐπιδημία
1364 2984 1391 3024 ν.

401 3063 634 3148 ,praesentiam
657 3085 767 3129 meam
790 3065 927 3129 moleste
951 3064 1112 3128 ferentes'

400 3171 452 3248 43,
465 3171 492 3234 7.
541 3171 572 3258 2)
595 3183 651 3238 καὶ
686 3168 741 3238 διαὶ
777 3172 869 3240 τοῦτο
904 3172 1063 3246 δυσκόλως
1097 3173 1153 3258 ἐμὲ
1178 3183 1336 3262 φέροντος
1360 3173 1457 3240 ἐπι·

294 3277 531 3365 δημοῦντα

401 3382 630 3468 ,quamobrem
654 3383 707 3449 hic
731 3385 783 3450 vel
807 3385 861 3450 ille
885 3405 982 3469 aegre
1006 3386 1078 3462 fert,
1104 3385 1194 3472 quod
1217 3383 1272 3449 hic
1296 3383 1427 3450 versor’

399 3491 451 3568 43,
464 3493 492 3554 8.
540 3490 572 3576 3)
588 3504 642 3558 καὶ
660 3499 719 3560 νῦν
735 3493 785 3558 δεῖ
798 3495 877 3575 aaa?
889 3491 1130 3579 ποδημεῑν,
1155 3485 1213 3576 οόχ
1239 3494 1280 3566 οἷς
1296 3489 1459 3582 πρότερον

295 3598 427 3672 οἷλυῖπως
462 3599 598 3665 πάντων
623 3625 663 3684 με
687 3592 894 3682 οἷγαποόντων
917 3611 972 3666 καὶ
997 3601 1249 3685 θαυμαζόντων,
1275 3599 1361 3666 ἄλλα
1384 3605 1456 3684 μετ’

295 3705 420 3794 ἔχθρας
443 3705 549 3772 τινῶν.

403 3816 444 3888 ,et
467 3832 556 3876 nunc
580 3833 633 3876 me
657 3812 859 3898 peregrinari
894 3835 1026 3878 necesse
1057 3820 1107 3878 est
1137 3835 1246 3898 neque
1277 3821 1314 3878 ut
1346 3814 1458 3900 priore

297 3918 354 3985 illo
378 3925 525 4002 tempore
550 3939 630 3982 cura
652 3925 684 3983 et
706 3941 829 4004 angore
854 3941 998 3986 vacuum
1014 3919 1170 3986 omnibus
1194 3943 1248 3986 me
1263 3921 1458 3987 amantibus

296 4033 395 4112 atque
418 4023 670 4102 admirantibus
696 4026 753 4092 sed
777 4026 949 4091 inimicitia
974 4026 1185 4112 quorundam
1209 4027 1423 4094 comitatum’

297 4243 550 4251 --.——--—-—

402 4367 475 4430 44,6.
495 4368 519 4420 2.
530 4360 562 4416 ου’
573 4368 622 4416 νῦν
631 4363 664 4419 Β.
676 4361 714 4418 Μ.
726 4362 756 4416 F.
768 4379 789 4420 r.
801 4379 834 4417 ex
841 4362 951 4431 interpr.
963 4369 1012 4416 νῦν
1025 4380 1074 4421 om,
1089 4380 1114 4418 v.
1129 4381 1162 4418 111.
1186 4369 1210 4424 3.
1224 4362 1337 4422 πώποτε,
1348 4362 1458 4419 πώποτε

297 4449 366 4517 πλήν
386 4453 429 4506 vel
447 4449 552 4506 πιόαοτε
576 4455 600 4505 εί
616 4450 654 4523 μή
674 4451 783 4508 Reiske.
822 4458 846 4509 ὃ.
865 4451 984 4524 α’λλαχοῦ
998 4454 1131 4523 πατρίδος.
1145 4455 1272 4524 πατρίδος
1291 4452 1408 4526 ἀλλαχοῦ
1422 4455 1460 4516 F.

402 4546 474 4611 43,a.
513 4547 536 4599 l,
557 4540 714 4612 ἀποδημεῖν.
734 4539 876 4613 ἅποόιμεῖν
894 4543 934 4598 Μ.
972 4549 996 4598 2.
1015 4548 1082 4613 μετ’.
1100 4541 1165 4619 ,αυτοὶ
1186 4543 1225 4598 Μ.
