3234 5312
320 1431 370 1513 l).
418 1431 480 1513 De
510 1431 651 1513 Dione
680 1431 798 1513 inter
825 1429 1065 1638 Ιίηηοσιιοοσ
1094 1434 1448 1534 Apamensesqne

788 1577 841 1638 ar
910 1578 973 1638 ro.

407 1734 524 1799 Dionis
548 1732 589 1798 de
614 1734 721 1819 patria
745 1735 866 1799 merita
881 1754 1083 1798 enumerans
1107 1754 1209 1798 unam
1234 1733 1369 1819 quidem
1392 1755 1466 1798 rem

301 1841 408 1918 omisi,
444 1862 511 1926 qua
534 1840 598 1905 Dio
632 1840 848 1905 hauddubie
885 1841 1005 1906 eximie
1040 1840 1081 1905 de
1104 1841 1212 1926 patria
1239 1841 1377 1906 meritus
1412 1841 1465 1920 sit,

302 1969 405 2033 quam
453 1948 587 2033 propria
635 1947 864 2013 dissertatione
908 1946 1045 2033 dignam
1085 1969 1155 2012 esse
1194 1947 1465 2014 existimaverim.

301 2055 422 2139 Agitur
456 2054 545 2119 enim
582 2054 623 2118 de
659 2053 824 2119 discordia
858 2055 944 2119 inter
979 2055 1161 2120 Prusenses
1191 2054 1467 2140 Apamensesque

303 2168 384 2238 orta,
422 2162 475 2225 eui
511 2161 691 2227 solvendae
715 2162 778 2226 Dio
803 2169 834 2226 et
856 2162 980 2227 Prusae
1005 2168 1037 2227 et
1059 2162 1229 2247 Apameae
1252 2184 1387 2247 operam
1412 2163 1467 2228 da-

303 2268 369 2333 bat.
416 2269 534 2354 Itaque
558 2269 627 2333 iam
650 2267 834 2342 videamus,
860 2267 941 2354 quid
966 2269 1006 2334 de
1030 2291 1069 2334 ea
1091 2290 1126 2334 re
1149 2269 1305 2334 constitui
1329 2271 1442 2354 possit.

406 2463 430 2528 I.
470 2463 518 2528 De
552 2464 796 2550 Apamensium
837 2486 915 2530 cum
950 2464 1171 2530 Prusensibus
1205 2471 1282 2530 ante
1321 2464 1468 2529 solutam

462 2571 674 2636 concordiam
697 2572 904 2638 commercio.

407 2677 603 2763 Apameam,
618 2679 782 2743 poloniam
794 2679 992 2758 Romanam,
1007 2678 1047 2744 de
1056 2678 1351 2744 cuiuseondieiona
1364 2685 1467 2764 atque

303 2784 485 2870 privilegiis
509 2785 593 2849 nihil
616 2784 733 2863 habeo,
758 2785 850 2871 quod
865 2785 908 2851 ad
931 2807 970 2851 ea
993 2785 1125 2864 addam,
1150 2807 1236 2871 quae
1260 2785 1466 2871 Marquardt,

304 2891 568 2968 Schoenemann,
606 2891 714 2957 Faber
748 2899 983 2977 exposuerunt,
1020 2899 1053 2957 et
1074 2893 1215 2958 Prusam
1239 2893 1338 2958 urbes
1363 2893 1468 2958 fuisse

304 3019 367 3062 usu
398 3004 498 3083 atque
530 2999 728 3064 commercio
752 3000 1042 3065 coniunctissimas
1066 2999 1336 3066 exorationibus
1361 2999 1469 3084 liquet

301 3106 345 3170 40
369 3111 401 3169 et
423 3106 476 3182 41,
501 3127 610 3190 neque
645 3106 769 3170 mirum
804 3107 865 3172 erit
899 3107 1000 3172 situm
1036 3128 1150 3172 earum
1175 3113 1275 3193 atque
1310 3113 1467 3172 naturam

303 3211 543 3297 reputantibus.
592 3213 680 3278 Nam
714 3213 868 3278 videmus
903 3214 1088 3299 Apameam
1113 3214 1335 3280 Prusensibus
1359 3215 1468 3299 proxi-

303 3339 397 3382 mum
433 3325 566 3403 portum
601 3319 768 3404 praebere,
805 3320 1012 3405 Apamenses
1049 3327 1162 3386 autem
1198 3342 1245 3400 ea,
1270 3341 1356 3407 quae
1379 3327 1469 3386 tarra

303 3425 420 3510 gignit,
445 3425 713 3492 commodissime
736 3449 757 3492 a
779 3427 1001 3493 Prusensibus
1025 3429 1181 3513 accipere.

410 3533 505 3609 Quae
528 3533 592 3597 Dio
615 3535 789 3599 confirmat
812 3540 844 3600 et
867 3535 938 3599 loeo
961 3535 1230 3621 iamsupra1pg.
1255 3536 1285 3620 4]
1303 3535 1469 3600 illustrato

303 3640 356 3718 40,
367 3641 425 3707 33:
462 3643 583 3709 αὐτίκα
621 3647 771 3732 rap-‘ostam
807 3649 837 3708 ολ
871 3651 1151 3732 χειροτονηθέντες
1168 3696 1173 3709 .
1190 3694 1196 3708 .
1212 3695 1218 3708 .
1235 3695 1241 3707 .
1260 3645 1370 3710 πόθεν
1393 3645 1469 3709 ainl-

305 3769 397 3826 ασιν;
421 3749 478 3815 οὐκ
501 3749 646 3828 deeidam
671 3753 703 3812 at
726 3749 784 3813 30:

410 3866 465 3921 καὶ
488 3855 556 3942 μην
578 3856 621 3921 τά
644 3884 680 3937 γε
703 3856 759 3939 τῆς
782 3853 890 3944 χώρας
914 3867 971 3923 καῖ
998 3854 1039 3922 τά
1069 3864 1125 3942 τῆς
1151 3854 1323 3945 θαλάττης
1346 3867 1401 3924 καὶ
1423 3857 1469 3924 τά

305 3969 371 4029 τοῖν
394 3964 479 4051 ὀροῖν
502 3963 538 4040 ἐξ
561 3961 710 4041 ἅπαντος
732 3965 817 4048 ὑμᾶς
841 3967 886 4036 εἰς
910 3963 946 4029 τὸ
972 3964 1051 4030 αὐτὰ
1076 3961 1205 4047 συνάγει
1239 3975 1294 4033 καὶ
1323 3962 1367 4052 μή
1395 3970 1470 4045 βου-

411 4303 501 4368 40,30.
542 4304 564 4354 1.
591 4297 736 4364 θαλάττης.
758 4298 895 4365 θαλάσσης
920 4299 960 4355 Μ.
980 4306 1005 4357 2,
1024 4299 1096 4371 σ’ρών
1120 4302 1152 4354 B.
1178 4317 1213 4355 m.
1239 4298 1311 4370 o‘pnir
1330 4301 1369 4355 M.
1389 4299 1472 4369 ὦρσῐν

306 4403 331 4442 v.
353 4404 374 4446 r.
400 4418 428 4426 -—
461 4389 638 4460 βουλομένους
657 4389 689 4442 Β.
708 4389 748 4444 Μ.
768 4405 789 4445 r,
808 4391 982 4460 βουλομένοις
1005 4407 1030 4443 v.
1051 4407 1084 4443 m.
1105 4395 1129 4446 3.
1149 4391 1192 4442 καλ
1221 4388 1369 4460 άναγκάζει
1388 4390 1471 4460 Emp.

305 4479 349 4529 καλ
367 4494 417 4531 om.
437 4479 485 4534 rel.
517 4509 545 4516 -
577 4477 700 4542 άλλήλοις
725 4478 758 4534 Β.
778 4495 812 4531 m.
832 4494 852 4531 r.
879 4475 1007 4543 άλλήλους
1033 4496 1058 4532 v.
1078 4496 1112 4535 m.
1150 4485 1174 4536 ὃ,
1194 4478 1252 4532 οὔτε
1273 4480 1409 4551 ἐκπέμψαι
1427 4480 1472 4540 Μ.

306 4565 360 4624 οὔτ’
380 4568 517 4642 ἐκπέμψαι
536 4568 583 4623 rel.
604 4576 629 4624 6,
649 4565 798 4638 γιγνόμενα
818 4567 857 4621 M.
876 4565 1008 4639 γινόμενα
1026 4568 1074 4625 rel,
