3234 5312
782 380 1001 446 ..50-

315 580 352 644 in
378 578 520 664 patriam
544 563 703 644 reversus
720 578 755 644 in
780 601 813 644 se
837 575 1036 654 conferebat,
1064 595 1142 639 cum
1165 574 1201 638 in
1225 572 1419 637 universum
1442 576 1481 634 et

319 692 454 772 propter
476 684 611 770 longam
635 686 819 751 absentiam
846 687 940 772 [40,1]
966 691 999 749 et
1021 690 1155 768 propter
1182 681 1347 765 privatam
1370 679 1480 744 vitam

318 791 434 878 [lara]
461 798 634 877 suspectus
658 799 751 858 esset.
799 791 996 870 Accedebat,
1021 788 1111 875 quod
1136 789 1165 852 ei
1182 807 1326 872 quoque,
1351 785 1480 869 quiex

317 900 436 964 Dionis
461 920 537 963 cum
563 899 702 964 Caesare
736 901 884 965 amicitia
917 898 1142 966 emolumenta
1165 893 1291 960 civitati
1314 892 1481 958 redunda-

313 1013 391 1071 tura
415 1027 485 1071 esse
510 1013 733 1091 speraverant,
767 1007 796 1072 ei
829 1005 1026 1071 diffidebant
1051 1003 1170 1091 14013.
1198 1001 1258 1087 141.
1305 999 1481 1084 Imprimis

316 1119 429 1179 autem
453 1134 530 1198 pars
554 1113 678 1178 civium
703 1135 800 1199 aegre
824 1113 960 1184 larebat,
985 1109 1077 1197 quod
1093 1108 1250 1195 operibus
1267 1104 1482 1172 exstruendis

316 1241 452 1305 operam
475 1219 575 1284 dabat
598 1221 661 1285 Dio
688 1221 783 1304 [40,8.
804 1221 852 1285 10.
878 1220 963 1297 43‚r.
984 1221 1013 1282 2.
1039 1215 1246 1302 lato-ml.

423 1327 495 1391 lam
518 1347 606 1405 vero,
632 1327 659 1392 si
683 1327 726 1392 ad
749 1327 881 1412 singula
904 1325 1102 1402 accedimus,
1135 1345 1214 1409 prae
1239 1321 1354 1387 ceteris
1377 1319 1483 1384 factio

318 1433 485 1520 quaedam
510 1455 543 1498 se
568 1433 669 1498 Dioni
693 1435 858 1519 opposuit,
892 1454 978 1519 quae
1002 1433 1072 1496 eius
1096 1429 1265 1495 ornandae
1288 1427 1380 1492 urbis
1403 1448 1484 1492 con-

319 1541 391 1606 silia
414 1539 625 1625 improbabat
648 1547 689 1620 et,
725 1563 801 1606 cum
839 1540 991 1606 fabrilem
1025 1539 1117 1604 illam
1149 1537 1327 1610 officinam,
1351 1535 1387 1598 in
1410 1555 1486 1619 qua

319 1654 542 1712 monumenta
565 1647 732 1732 quaedam
755 1648 912 1714 videntur
934 1647 1046 1724 fuisse,
1076 1645 1240 1722 diruisset,
1266 1648 1377 1724 aperte
1403 1661 1484 1704 con-

319 1762 370 1820 tra
404 1776 480 1820 eum
520 1755 664 1819 surrexit
686 1755 865 1840 impietatis
889 1775 967 1820 cum
990 1773 1151 1818 accusans
1177 1751 1327 1834 141811.
1351 1746 1483 1832 47,11];

322 1861 483 1947 suspicari
507 1867 619 1926 autern
652 1861 728 1927 licet
760 1868 870 1947 partes
898 1861 1000 1926 luisse
1024 1861 1060 1924 in
1083 1860 1145 1924 bac
1169 1880 1204 1924 re
1239 1856 1366 1941 collegii
1389 1855 1485 1918 illius

320 1967 464 2047 labrum,
490 1968 530 2033 de
555 1989 622 2053 quo
646 1970 687 2033 cf.
714 1969 797 2032 Plin.
823 1990 873 2053 ep.
898 1968 986 2046 Χ,43
1010 1966 1085 2053 (35).
1133 1965 1213 2031 Veri
1236 1970 1349 2029 autem
1372 1961 1486 2026 simile

321 2081 370 2140 est
393 2074 526 2140 eosdem
550 2075 766 2160 potissimum
790 2075 943 2140 homines
967 2075 1067 2139 etiam
1091 2073 1299 2158 singulorum
1328 2070 1486 2135 vicorum

320 2183 356 2247 in
390 2182 508 2246 urbem
532 2182 816 2248 transformationi
850 2183 987 2247 infestos
1011 2181 1121 2246 luisse.
1170 2180 1264 2256 Quae
1287 2175 1487 2241 inimicitiae

323 2310 360 2354 eo
385 2294 543 2373 tempore,
568 2311 635 2374 quo
660 2289 733 2365 Dio,
760 2289 968 2375 synoecismo
992 2295 1030 2352 ut
1053 2308 1187 2372 operam
1212 2285 1339 2362 darent,
1364 2281 1487 2348 adhor-

324 2395 457 2460 tabatur
490 2394 723 2460 tantummodo
760 2395 859 2474 cives,
892 2418 961 2460 non
989 2395 1035 2459 ita
1057 2415 1175 2480 graves
1200 2391 1356 2458 videntur
1377 2389 1488 2453 inisse

326 2500 443 2589 [45,l4.
471 2501 531 2587 15],
556 2503 700 2587 perlecto
724 2523 802 2568 vero
826 2501 1033 2588 synoecismo
1067 2501 1103 2564 in
1126 2499 1353 2565 accusationes
1376 2501 1489 2560 muta·

324 2608 446 2673 bantur
471 2609 602 2692 [43,11].
649 2608 862 2674 Accedebant
883 2630 990 2675 novae
1014 2606 1224 2673 difficultates
1244 2628 1285 2670 ex
1301 2605 1373 2690 ipso
1396 2601 1490 2666 acdi-

323 2715 463 2781 ficando
512 2717 598 2780 Nam
623 2717 722 2795 cives
748 2717 806 2801 qui
830 2715 990 2801 pecunias
1014 2737 1048 2780 se
1073 2715 1208 2780 daturos
1233 2734 1303 2779 esse
1326 2709 1489 2797 promise-

324 2830 408 2902 rant,
434 2823 614 2908 promissas
637 2844 706 2887 non
731 2823 910 2902 solverunt,
947 2821 986 2887 de
1022 2843 1090 2907 qua
1120 2843 1153 2887 re
1177 2821 1341 2907 populum
1364 2816 1489 2881 merito

324 2929 492 3014 indignari
524 2929 587 2994 Dio
617 2929 828 3009 concedebat,
858 2930 940 3015 quin
978 2930 1079 2994 etiam
1110 2951 1144 2994 se
1173 2929 1387 3014 provisurum
1413 2943 1489 2988 esse

326 3035 549 3122 promittebat,
574 3042 612 3100 ut
634 3037 805 3122 pecuniae,
831 3037 859 3101 si
883 3058 967 3123 opus
991 3043 1085 3116 essct,
1111 3058 1170 3121 per
1186 3036 1256 3102 vim
1272 3033 1490 3118 exigerentur

331 3144 448 3227 [lura.
469 3143 528 3229 191.
576 3144 658 3223 lam,
675 3135 855 3229 postcuam
871 3145 1105 3222 intelleximus,
1123 3165 1209 3229 quae
1225 3141 1350 3206 luerint
1364 3157 1489 3203 causae

325 3251 585 3330 inimicitiarum,
621 3250 807 3329 videamus,
843 3251 955 3336 qualia
993 3250 1071 3317 inde
1106 3251 1247 3316 crimina
1281 3249 1317 3312 in
1340 3245 1488 3310 Dionem

326 3358 393 3424 lata
416 3358 483 3424 sint
506 3363 537 3422 et
560 3358 659 3443 quale
681 3357 844 3423 iudicium
869 3359 932 3422 Dio
956 3357 997 3423 de
1021 3358 1218 3425 adversariis
1242 3357 1361 3422 tulerit.

431 3483 516 3547 Miro
540 3482 687 3568 quodam
722 3484 759 3548 in
782 3482 925 3549 Dionem
961 3489 1062 3569 atque
1085 3483 1222 3548 consilia
1245 3483 1320 3574 eius*
1339 3482 1416 3547 odio
1440 3483 1488 3548 in·

327 3591 488 3656 flammati
514 3591 891 3676 [40,11;διεῤῥήγνυντο.
939 3591 1037 3670 eale
1057 3614 1062 3655 :
1081 3591 1290 3675 ἀπάγξονται
1315 3588 1487 3680 πρότερον]

329 3703 419 3763 etse
442 3697 568 3782 patriae
591 3704 692 3782 atque
717 3697 856 3762 deorum
880 3699 1004 3763 amicos
1040 3719 1110 3763 esse
1146 3698 1340 3763 simulantes
1367 3698 1487 3784 [lali]

328 3803 509 3872 adversarii
544 3804 696 3883 Dionem,
731 3827 832 3890 quem
867 3811 1001 3891 propter
1025 3804 1156 3870 dicendi
1191 3806 1382 3871 facultatem
1417 3828 1489 3871 non

329 3909 520 3990 laudabant,
557 3911 615 3976 sed
649 3911 835 3977 illudebant
879 3913 1009 3996 147161,
1049 3919 1231 3998 tyrannum
1266 3912 1490 3979 nominabant

331 4019 446 4102 [47,11.
476 4019 524 4083 18.
551 4018 613 4104 23],
638 4019 697 4104 qui
720 4019 883 4105 oppidum
907 4019 1030 4094 deleret
1055 4017 1297 4107 [40,8‚47,11],
1322 4021 1411 4087 cives
1435 4042 1490 4086 ex·

329 4126 463 4210 pelleret
488 4125 581 4211 14118.
607 4127 727 4210 43111,
764 4127 888 4212 impius
922 4127 958 4191 in
992 4127 1135 4211 patriam
1169 4134 1270 4213 atque
1299 4127 1378 4194 deos
1401 4137 1493 4194 esset

331 4233 424 4318 [403.
451 4254 498 4316 sq.
523 4233 630 4310 47,17.
656 4234 778 4316 43,11}‚
804 4255 888 4318 quas
920 4234 1147 4300 accusationes
1170 4235 1213 4299 ad
1236 4235 1346 4300 studia
1369 4236 1492 4303 Dionis

329 4341 364 4402 in
382 4338 537 4424 operibus
571 4339 780 4404 exstruendis
804 4346 836 4404 et
860 4341 1067 4426 synocoismo
1098 4341 1299 4426 perficiendo
1322 4343 1491 4428 pertinere

330 4444 452 4510 addere
476 4467 543 4509 non
568 4467 651 4530 opus
680 4453 737 4511 est.
786 4447 916 4523 Quibus
932 4448 996 4512 Dio
1029 4447 1251 4533 respondebat
1282 4449 1493 4517 adversarios

330 4552 522 4642 proditores,
548 4553 779 4638 sycophantas,
804 4555 915 4622 hostes
939 4556 1064 4639 patriae
1090 4556 1269 4621 nominans
1295 4557 1491 4642 [491124.
