3234 5312
618 307 836 374 ...41-

145 527 236 570 nune
271 504 444 580 timebant,
484 527 526 571 ne
567 527 724 570 concessa
758 504 899 570 dioecesi
937 512 970 570 et
997 511 1156 569 exornato
1188 502 1311 590 oppido

143 634 162 676 a
190 613 322 678 civibus
357 613 485 678 maiora
521 612 748 698 spectantibus
784 612 1041 697 despicerentur.
1102 611 1310 677 Gravissima

143 719 247 805 igitur
269 720 350 785 haec
374 719 476 785 verba
500 727 577 785 sunt
609 719 651 783 ad
684 719 952 784 adversariorum
982 719 1116 784 illorum
1153 725 1308 783 naturam

143 826 418 912 cognoscendam.
467 827 633 892 Nimirum
670 826 710 891 de
740 826 934 891 hominibus
963 826 1028 891 Dio
1063 826 1220 911 loquitur,
1252 825 1311 910 qui

142 934 397 1000 etdioeoesi
416 933 640 998 instituendae
660 935 709 1017 [ct.
728 933 837 1017 ratu]
856 941 888 998 et
912 932 1311 998 consiliisDionis

142 1041 350 1106 resistebant.
399 1041 516 1125 Neque
540 1048 650 1106 tamen
677 1040 801 1105 mirum
834 1045 883 1105 est
907 1041 1060 1118 Dionem,
1087 1040 1146 1125 qui
1168 1039 1239 1125 ipse
1265 1060 1311 1103 ra·

141 1149 269 1213 tionem
293 1148 464 1214 institutae
489 1150 672 1235 διοικήσεως
697 1155 847 1233 exparte
870 1169 939 1212 non
956 1147 1129 1232 probabat,
1153 1145 1206 1211 his
1231 1145 1311 1210 locis

141 1255 395 1342 praecipue
420 1254 460 1320 de
484 1255 660 1320 inimicitia
682 1255 717 1319 in
742 1277 785 1319 se
809 1276 937 1340 suaque
961 1254 1099 1320 consilia
1121 1254 1189 1318 lata
1205 1253 1310 1338 queri,

140 1384 219 1428 curn
246 1363 334 1429 cives
351 1362 554 1441 adhortetur,
580 1369 617 1427 ut
633 1363 903 1448 Smyrnaeorum,
922 1361 1157 1447 Ephesiorum,
1174 1361 1311 1425 Tarsen-

140 1470 242 1546 sium,
266 1468 554 1536 Antiochenorum
578 1469 731 1554 exempla
753 1469 974 1545 imitarentur,
1011 1489 1096 1553 quos
1127 1468 1312 1552 plurimum

140 1576 174 1641 in
189 1576 316 1662 oppida
333 1567 527 1642 exonran'da
542 1576 746 1661 impendisse
763 1599 803 1640 ex
820 1576 978 1640 orationis
990 1576 1032 1640 47
1046 1576 1068 1660 ξ
1083 1577 1122 1640 16
1140 1574 1309 1640 discimus.

250 1703 357 1778 40,ll.
386 1704 435 1766 12.
494 1701 526 1789 5)
562 1711 618 1768 nat
652 1708 761 1768 ταῦτα
796 1703 978 1786 ἐπίσταμαι
1016 1689 1133 1783 οαιμδς,
1170 1696 1220 1766 iim
1256 1712 1312 1766 καὶ

142 1808 304 1896 πρότορύν
334 1835 418 1888 τινες
451 1811 622 1887 ἀκούοντος
656 1807 882 1895 διοῤῥύγννντο
913 1819 968 1876 καὶ
1005 1811 1156 1888 χαλεπῶς
1190 1805 1310 1895 ἔφορον,

139 1925 171 1983 εἰ
180 1918 335 1984 τοιούτων
347 1918 505 1996 ἐθίζεσθε
519 1916 710 2000 α’κροᾶσδαι
722 1917 826 1998 λόγων
842 1927 898 1982 καὶ
910 1916 993 2001 μετα
1007 1912 1161 1982 τοιούτων
1183 1911 1312 1981 niteas

139 2028 249 2114 τολμᾷ
277 2052 326 2102 τις
355 2022 529 2108 ὀνομάζειν
558 2022 617 2109 τήν
647 2019 816 2110 ύμοτέραν,
853 2022 901 2085 12,
941 2019 1028 2096 δίτως
1050 2029 1077 2085 τ’
1112 2022 1168 2088 ἐπὶ
1191 2017 1313 2100 τούτοις

140 2133 386 2217 σχετλιάζοντες
410 2139 466 2198 καὶ
491 2135 630 2198 τοιαῦτα
645 2133 788 2213 λέγοντος
812 2141 867 2195 καὶ
893 2130 1025 2196 διδόναι
1048 2131 1172 2214 μηδένα
1195 2130 1312 2206 ἒοῖντος

138 2251 199 2304 καῖ
227 2249 293 2317 τοῖς
324 2239 426 2325 ἔργοις
449 2239 603 2322 ἐμποδών
626 2235 809 2322 γιγνόμενοι
833 2235 930 2316 ούτοις
954 2238 1010 2321 ἐμὲ
1036 2235 1207 2320 διέθηκαν,
1232 2233 1312 2302 ὥστε

139 2348 255 2428 ὀλίγον
278 2343 382 2431 φυγὴν
405 2346 547 2427 ἐμαυτοῦ
571 2351 884 2435 καταψηφίσασθαι.

253 2469 379 2553 ,Neque
409 2469 526 2554 ignoro
560 2474 592 2533 et
626 2469 734 2553 priore
767 2473 915 2552 tempore
939 2467 1118 2532 nonnullos
1142 2465 1313 2530 stomacho

141 2574 241 2662 quasi
265 2576 415 2661 diruptos
439 2597 509 2640 esse
534 2574 837 2641 animadvertentes
860 2596 920 2640 vos
945 2574 1024 2638 talia
1039 2572 1154 2638 audire
1179 2594 1312 2638 consue-

139 2683 212 2749 fieri
239 2689 271 2748 et
293 2683 380 2748 inter
403 2683 482 2747 talia
510 2682 634 2768 oppida
666 2688 815 2748 vestrum
850 2703 984 2766 quoque
1008 2679 1212 2746 confidenter
1236 2701 1312 2745 enu-

141 2789 275 2867 merari,
312 2792 432 2875 [noque
464 2788 603 2876 ignoret,
638 2789 806 2874 quomodo
836 2796 971 2874 propter
994 2787 1076 2853 haec
1098 2787 1312 2872 indignantes

141 2907 175 2963 et
212 2897 289 2962 talia
313 2897 459 2962 dieentes
492 2919 601 2982 neque
637 2917 845 2981 quemquam
868 2894 1061 2981 impendere
1094 2896 1257 2980 patientes
1281 2901 1313 2958 et

142 3004 303 3090 operibus
331 3004 519 3070 obnitentes
551 3026 588 3069 eo
612 3026 666 3067 me
690 3003 916 3088 perduxerint,
941 3010 979 3067 ut
1002 3024 1107 3088 paene
1135 3001 1217 3065 mihi
1241 3001 1312 3086 ipse

142 3111 301 3177 exsilium
324 3112 551 3196 imponerem.¹

253 3237 366 3322 Magni
391 3237 443 3302 vel
467 3237 548 3301 haec
579 3236 681 3302 verba
713 3234 876 3299 momenti
900 3243 978 3299 sunt
1002 3233 1044 3298 ad
1067 3231 1313 3319 pernoscendos

143 3343 265 3409 Dionis
288 3342 505 3410 adversarios.
553 3346 602 3408 Ac
633 3343 779 3420 primum
804 3342 963 3407 discimus
987 3341 1088 3406 Dioni
1111 3361 1179 3405 non
1203 3338 1312 3425 singu·

143 3451 196 3516 los
219 3450 393 3535 quosdam,
419 3452 476 3516 sed
507 3451 758 3516 factionem
792 3449 963 3533 quandam
987 3468 1210 3534 oppugnasse,
1235 3467 1313 3510 cum

146 3581 218 3624 non
241 3557 341 3623 Dioni
366 3559 425 3623 soli
450 3558 687 3635 obniterentur,
713 3557 769 3621 sed
798 3556 1007 3635 iamdudum,
1031 3554 1313 3640 quandocumque

144 3667 188 3732 de
212 3665 335 3751 oppido
356 3665 548 3730 exornando
565 3665 667 3731 verba
682 3665 815 3743 fiebant,
833 3685 966 3729 summa
981 3684 1058 3728 cum
1082 3660 1312 3746 indignatione

145 3772 311 3839 eiusmodi
346 3773 491 3838 consiliis
527 3772 723 3838 restitissent
748 3771 1100 3858 [διοῤῥήγνοντο,
1134 3770 1175 3833 ci.
1199 3768 1310 3844 45,li):

147 3878 445 3965 ἀπάγξονται
477 3879 691 3968 andnimai*
726 3878 797 3966 sqq.
837 3879 939 3943 Porro
974 3881 1103 3942 constat
1134 3874 1311 3939 factionem

144 3987 239 4054 illam
273 3993 405 4052 tanturn
429 3989 464 4052 in
495 3989 627 4052 civitate
658 3987 811 4064 valuisse,
837 3993 873 4051 ut
896 3983 1106 4070 impedirent,
1131 3980 1312 4067 quominus

146 4095 308 4182 pecuniae
344 4095 526 4180 promissae
561 4094 768 4160 solverentur
802 4099 834 4157 et
857 4112 957 4177 opera
981 4088 1204 4176 procederent,
1229 4087 1311 4172 quin

146 4297 389 4304 ...—-—-—...-.
422 4297 427 4302 .
455 4297 462 4302 .

255 4421 346 4487 40,1a.
362 4423 385 4474 1.
422 4413 492 4475 ὅπως
504 4416 523 4467 ι’
538 4415 645 4483 Selden,
664 4414 735 4468 idem
747 4411 821 4484 ὅμως
834 4413 873 4478 δ’,
886 4413 955 4480 quod
970 4411 1050 4466 etiam
1067 4410 1180 4466 Oasaub.
1201 4426 1221 4465 r.
1242 4406 1312 4468 ὅπως

148 4508 197 4564 rol.
227 4511 253 4566 4.
273 4504 371 4577 ιγνγῆν.
392 4510 490 4576 φυγεῖν
509 4504 549 4562 Μ.
