3234 5312
783 315 1001 380 ..53-

312 537 407 595 μενος
431 525 601 602 συμφέρειν
623 511 662 610 τῇ
697 513 790 578 πόλει
825 516 919 580 τοῦτο
950 524 1004 580 καὶ
1028 530 1169 603 κρεῖττον
1190 514 1276 578 εἶναι
1297 507 1342 598 μη
1367 513 1474 592 διαφέ-

311 626 434 703 ρεσθαι
460 621 541 710 πρὸς
564 621 692 707 μηδένα
717 619 918 708 ἀνθρώπων,
949 615 1064 705 ἥκιστα
1099 621 1135 685 δὲ
1172 617 1265 704 οἶμαι
1299 617 1380 705 πρός
1401 616 1474 696 τούς

311 726 404 808 έγχύς
428 724 508 793 οὕτω
532 735 589 792 καὶ
614 727 859 809 α’σιυγείοοναςλ
905 725 943 790 In
969 747 1113 810 quarum
1129 726 1318 790 orationum
1334 745 1474 789 numero

312 832 416 896 oratio
440 854 575 918 quoque
597 832 641 897 40
665 831 837 897 referenda
861 837 909 897 est
932 830 1046 898 habita
1078 831 1114 896 in
1138 831 1291 896 contione
1315 831 1375 896 rite
1398 853 1473 896 oon·

310 944 428 1004 vocata
453 939 513 1024 140,
524 940 579 1004 20:
606 947 661 1006 καὶ
685 946 745 1008 νῦν
759 941 843 1030 ὑπὲρ
859 937 971 1008 τούτου
987 941 1117 1008 ἐπαινοῖ
1133 937 1191 1007 τόν
1215 966 1249 1006 τε·
1273 935 1296 1005 ὅ
1306 967 1324 1029 ρ
1334 962 1438 1024 χονι
1450 968 1471 1004 α

311 1057 366 1113 καὶ
388 1041 446 1112 τόν
469 1044 858 1134 εἰσηνησάμενον].
906 1044 1043 1109 Fatetur
1076 1044 1214 1131 quidem
1241 1044 1305 1109 Dio
1340 1050 1471 1130 exopta-

310 1151 478 1219 tissimum
494 1153 557 1218 sibi
572 1155 652 1231 fore,
672 1153 700 1217 si
715 1158 774 1218 aut
784 1152 840 1217 alii
857 1173 928 1217 rem
944 1158 1080 1236 agerent
1092 1158 1150 1217 aut
1165 1151 1236 1236 ipso
1249 1150 1472 1216 communiter

310 1281 389 1324 cum
412 1260 485 1325 aliis
509 1283 579 1326 rem
603 1281 700 1345 agere
724 1266 835 1344 posset
873 1259 1073 1346 [40‚18.19j,
1110 1258 1192 1344 quin
1227 1258 1328 1324 etiam
1362 1264 1474 1343 sperat

313 1366 393 1444 tore,
419 1374 455 1431 ut
479 1389 547 1432 non
582 1367 653 1452 ipse
689 1368 860 1453 legatusa
895 1366 1023 1432 civibus
1058 1366 1244 1430 mitteretur
1269 1366 1395 1448 [40,25:
1422 1361 1473 1430 ὁίι

309 1475 372 1563 χοίρ
395 1503 436 1560 με
460 1474 518 1544 οὐκ
541 1476 729 1561 ἐνοχλήσετε
753 1477 825 1559 aqi,
850 1475 902 1539 sin
935 1479 1047 1564 autern
1076 1472 1165 1538 cives
1195 1472 1300 1538 invito
1324 1473 1473 1537 officium

310 1579 510 1665 delegarent,
546 1603 580 1646 se
616 1581 923 1666 obtemperaturum
958 1602 1028 1646 esse
1064 1579 1227 1664 promittit
1252 1579 1383 1662 λ40,18;
1406 1577 1472 1647 ὅσα

309 1689 377 1755 d’ori
401 1686 515 1780 ῥᾴδιον
538 1685 594 1757 ὑπ’
619 1687 720 1756 ἄλλου
742 1693 808 1755 τοῖν
824 1689 983 1757 ἐντεῦθεν
1000 1694 1207 1779 πραχθῆναι,
1233 1688 1332 1772 τυχὸν
1356 1689 1391 1754 δὲ
1415 1700 1473 1754 καὶ

308 1785 384 1861 λίαν
407 1794 562 1880 χαλεπὸν,
588 1799 721 1884 ἡγεῖσθε
744 1797 826 1884 πρδς
850 1797 982 1874 ἐκείνοις
1007 1787 1063 1861 ciel
1075 1823 1116 1881 με
1139 1796 1198 1881 την
1220 1792 1351 1880 γνώμην
1375 1795 1473 1880 ἔχειν,

308 1913 418 1986 μέχρις
441 1901 485 1970 ἄν
507 1897 661 1988 έμπνέαιλ.

415 2009 596 2075 Prusenses
620 2016 733 2075 autem
756 2007 951 2074 concordiae
983 2007 1207 2074 restituendae
1238 2007 1475 2072 studiosissimi

308 2115 409 2178 Dioni
432 2138 567 2197 munus,
593 2116 684 2202 quod
706 2121 924 2193 recusaverat,
942 2115 1098 2181 videntur
1114 2115 1329 2192 commisisse,
1346 2114 1474 2199 quippe

308 2243 410 2307 quem
434 2223 619 2288 orationem
642 2223 684 2288 41
710 2223 800 2308 apud
824 2222 1031 2307 Apamensos
1055 2221 1096 2286 de
1114 2220 1290 2287 concordia
1312 2221 1495 2294 habuisse,

308 2351 460 2395 sciamus.

774 2436 806 2501 b.
830 2389 1009 2522 Apameae.

416 2581 584 2667 Apameae
609 2580 672 2645 Dio
697 2579 881 2666 privilegio,
906 2601 973 2665 quo
997 2578 1039 2643 ab
1063 2577 1311 2664 Apamensibus
1335 2585 1475 2644 ornatus

307 2697 386 2767 erat,
418 2711 499 2754 usus
535 2689 569 2752 in
606 2694 724 2752 senatu
760 2687 801 2752 dc
836 2686 1013 2752 concordia
1036 2707 1113 2751 cum
1137 2685 1359 2750 Prusensibus
1383 2687 1473 2751 resti-

306 2795 432 2862 tuenda
456 2796 642 2861 orationem
666 2793 785 2859 habuit
808 2793 1038 2879 praesentibus
1063 2791 1271 2858 senatoribus
1296 2799 1327 2857 et
1343 2791 1474 2858 civibus

305 2905 501 2969 auctoritate
539 2908 670 2987 praeter
704 2907 829 2966 ceteros
865 2899 1059 2965 florentibus
1097 2899 1205 2985 [41,1:
1240 2893 1268 2967 οῗ
1290 2901 1389 2986 βουλή
1415 2909 1474 2966 καὶ

306 3010 371 3078 τοῖν
406 3011 513 3079 ἄλλοιν
550 3017 579 3077 oi
618 3008 780 3100 παρόντες
816 3016 845 3076 ολ
882 3006 1114 3097 praecamini
1173 3006 1276 3070 Cuius
1314 3007 1473 3071 orationis

306 3118 351 3204 ἐξ
378 3119 471 3196 7-8,
497 3118 578 3204 quia
604 3139 656 3182 res
679 3115 726 3180 ibi
759 3121 983 3201 exponuntur,
1017 3136 1103 3199 quae
1133 3114 1274 3178 orationi
1304 3113 1473 3178 antecede-

304 3226 394 3304 bant,
419 3227 671 3302 confirmantur,
698 3245 784 3308 quae
808 3223 872 3287 Dio
895 3223 931 3286 in
954 3222 1101 3287 oratione
1125 3222 1167 3286 40
1184 3227 1387 3299 narraverat,
1404 3221 1471 3286 nisi

305 3332 395 3419 quod
430 3354 514 3418 quas
547 3332 619 3417 ipse
652 3331 756 3416 egerit
789 3335 899 3415 partos
933 3330 969 3394 in
1002 3329 1064 3393 hac
1089 3328 1224 3393 urbium
1248 3329 1471 3408 contentione,

304 3440 399 3505 aliter
422 3439 596 3524 descripsit
625 3439 660 3502 in
685 3439 736 3502 41.
755 3443 856 3522 atque
887 3437 923 3500 in
945 3438 997 3501 40.
1024 3436 1179 3500 oratione.
1227 3436 1302 3500 Hoc
1334 3434 1471 3520 quidem

305 3547 404 3612 etiam
422 3546 591 3631 Apameae
611 3546 691 3610 dicii
707 3567 741 3610 se
758 3542 980 3610 Prusensibus
993 3543 1157 3607 auxilium
1174 3542 1386 3628 poscentibus
1402 3564 1472 3608 non

305 3655 416 3719 statim
447 3654 658 3739 respondisse
684 3653 758 3716 licet
792 3650 884 3716 haud
918 3651 1074 3735 ignarum
1109 3651 1339 3715 auctoritatem
1374 3671 1471 3716 suam

303 3761 418 3845 magni
441 3761 605 3825 momenti
629 3761 699 3824 iore
735 3760 777 3824 ad
812 3757 1052 3824 controversias
1088 3757 1335 3842 componendas
1361 3755 1470 3842 1415:

304 3870 457 3943 πολλάκις
472 3873 518 3958 νηΐ
534 3876 636 3959 τιμᾷν
652 3870 916 3958 προκαλουμένης
934 3903 976 3912 —-
992 3865 1118 3942 40,17;
1149 3876 1206 3931 καὶ
1232 3876 1471 3957 ψηφισαμένων

304 3976 397 4062 ὑμῶν
419 3978 477 4062 ἐμὲ
503 3979 614 4042 καλεῖν
640 3982 712 4054 ἴσως
742 3985 797 4040 καὶ
825 3974 945 4060 ταύτης
977 3979 1072 4041 ἕνεκα
1107 3979 1163 4058 τῆς
1197 3984 1315 4058 χρείας,
1363 3972 1469 4049 41,7;

304 4076 361 4169 οὔχ
382 4083 555 4167 ὑπήκουσα
589 4083 669 4170 πρὸς
693 4080 786 4148 τοῦτο
819 4077 930 4166 μόνον,
966 4081 1064 4146 οὐδὲν
1098 4076 1140 4146 dv
1175 4080 1314 4166 ὀκνήσας
1348 4080 1471 4168 ἐκείνης

303 4197 409 4258 ἕνεκεν
433 4189 579 4275 ποιησαι,
603 4189 743 4276 μηδενὸς
766 4187 901 4255 ἔλαττον
924 4187 1023 4272 ιυχὸν
1047 4190 1173 4274 πρᾶξαι
1197 4187 1383 4271 δυνάμενος,
1414 4198 1471 4253 καὶ

303 4300 403 4384 φίλων
433 4325 488 4382 μοι
525 4297 630 4365 ὄντων
654 4291 728 4364 οὔτε
752 4297 867 4375 ὀλίγων
891 4291 967 4363 οὔτε
991 4291 1174 4367 ἀδυνάτων,
1200 4298 1255 4360 ἵνα
1278 4294 1380 4377 μηδὲν
1402 4294 1470 4360 ἐπί-

303 4413 430 4490 φθονον
445 4410 535 4478 εἴπω,
553 4405 635 4491 μηδὲ
653 4403 672 4469 δ’
695 4403 832 4489 λυπήσει
855 4400 958 4479 τινας,
984 4401 1032 4468 ε”τι
1057 4401 1093 4468 δέ
1110 4399 1164 4468 οὐκ
1182 4403 1288 4484 ὀκνῶν
1303 4397 1363 4486 την
1379 4396 1468 4478 riddo,

303 4509 407 4578 ὅπόυε
431 4512 482 4576 δεῖ
505 4539 546 4598 με
570 4521 625 4576 καὶ
650 4505 756 4589 ἄλλως
779 4510 930 4577 α’πιέναι.
956 4545 1000 4553 -
1023 4507 1145 4585 40,17;
1171 4503 1257 4593 ὅμως
1281 4508 1320 4572 ου’
1344 4508 1470 4596 σφόδρα
