3198 5310
774 345 994 410 „30-

304 539 384 618 loeo,
409 561 477 625 quo
502 541 543 606 de
575 541 784 627 imperatoris
819 541 969 626 epistulis
997 541 1155 627 disputat,
1188 541 1229 606 de
1261 541 1467 627 argumentis

303 667 419 711 eorum
437 655 558 713 taceat.
607 650 718 725 Quare
742 670 784 713 ne
808 648 862 713 hio
886 649 1024 733 quidem
1048 649 1234 727 edocemur,
1264 649 1346 734 quid
1369 648 1467 732 signi-

303 755 402 819 ficent
436 755 539 820 verba
561 755 687 835 40,16:
724 757 800 842 έμοί
830 783 866 824 τε
901 768 1072 843 παρέσχεν,
1110 749 1157 824 ὦν
1187 757 1249 840 ἐγώ
1274 754 1412 842 ἐδεόμην
1436 762 1469 819 et

303 861 403 940 lue:
429 865 500 930 ἀλλ’
527 861 624 931 ἅπαν
648 885 696 948 sq.
743 864 906 928 Provocat
936 863 1038 948 igitur
1061 863 1124 928 Dio
1158 863 1200 928 ad
1224 864 1285 928 has
1309 862 1469 948 epistulas

305 987 427 1053 easque
452 969 495 1034 ad
519 967 724 1035 debilitanda
746 970 1013 1037 adversariorum
1037 970 1178 1036 erimina
1200 971 1322 1036 reeitat.

409 1093 527 1172 47,14.
574 1095 606 1182 5)
640 1105 697 1163 καῖ
726 1092 789 1184 γάρ
821 1095 932 1173 ἔδοξεν
964 1099 1042 1181 υμῖν
1064 1099 1169 1164 ταῦτα
1203 1107 1258 1163 καῖ
1282 1095 1386 1163 πολλοὶ
1412 1107 1470 1161 καῖ

291 1203 464 1282 ’πολλάκις
488 1213 723 1291 συνεισεφέρετε
749 1214 806 1269 καῖ
830 1211 1084 1291 προεθυμεῖσθε.

411 1309 508 1386 ,Nam
543 1309 742 1394 placuerunt
777 1308 872 1376 vobis
908 1331 947 1374 ea
980 1316 1012 1375 et
1046 1310 1153 1375 multa
1187 1309 1380 1394 saepissime
1403 1309 1470 1394 ipsi

303 1415 563 1481 contribuebatis
587 1423 619 1482 et
641 1415 793 1482 liberales
816 1438 876 1483 vos
900 1416 1136 1501 praestabatis)

412 1523 526 1588 Monet
562 1529 678 1588 eontra
716 1523 789 1589 illos
824 1523 1031 1590 adversarios
1070 1524 1133 1588 Dio
1173 1524 1282 1609 priore
1320 1529 1472 1608 tempore

303 1651 420 1695 omnes
444 1630 626 1696 Prusenses
650 1652 764 1695 secum
788 1629 828 1696 de
851 1631 914 1696 huo
938 1652 972 1696 re
995 1631 1210 1696 consensisse.
1259 1629 1473 1708 Quibuscum
1576 1649 1577 1656 ¹

304 1737 454 1802 eonferas
486 1759 533 1817 eu,
559 1759 645 1822 quae
676 1738 946 1817 40,6et45,16
980 1745 1174 1803 narrantur:
1209 1740 1277 1803 iam
1304 1737 1473 1822 intelliges
1576 1709 1577 1746 ἶ

306 1844 412 1910 tribus
436 1844 516 1910 loeis
539 1845 684 1910 Diouem
708 1844 749 1910 de
772 1845 890 1910 eadem
914 1867 948 1910 re
973 1845 1098 1910 eisdem
1134 1847 1202 1910 lere
1232 1844 1343 1911 verbis
1365 1846 1472 1930 loqui.

410 1970 529 2049 47,15.
577 1969 609 2057 6)
633 1971 757 2051 πόλεως
780 1973 817 2038 δὲ
833 1967 946 2058 ὄφελος
963 1975 1147 2059 εὐπρεποῦς
1163 1983 1361 2059 γιγνομένης,
1387 1973 1473 2060 οἲέρα

304 2081 439 2145 πλείονα
464 2079 697 2164 λαμβανούσης
720 2077 762 2144 δι’
799 2078 1004 2168 εὐρυχωρίαν,
1030 2084 1086 2147 τοῦ
1118 2086 1179 2165 μέν
1214 2087 1332 2168 θέρους
1364 2079 1473 2152 σκιὰν,
1577 2063 1578 2076 l

302 2192 357 2252 τοῦ
380 2187 419 2251 δέ
440 2191 598 2270 χειμῶνος
620 2182 715 2271 η’λιον
741 2186 806 2252 ὑπὸ
839 2197 940 2284 στέγῃ,
968 2188 1041 2253 α’ντῑ
1065 2188 1197 2272 φαύλων
1221 2198 1277 2254 καῖ
1304 2185 1475 2253 ταπεινῶν

304 2293 454 2382 ἐρειπίων
477 2289 639 2378 οἰκήματα
663 2288 778 2386 bupalo?
803 2304 857 2359 καὶ
880 2295 1022 2378 μεγάλης
1046 2295 1171 2372 πόλεως
1195 2293 1283 2369 ἄξια,

413 2397 556 2484 ,Oppido
579 2419 658 2464 vero
682 2398 907 2463 emolumento
932 2406 989 2476 est,
1026 2399 1052 2463 si
1085 2398 1263 2484 pulchrum
1295 2401 1341 2477 fit,
1371 2399 1398 2463 si
1433 2420 1476 2462 ex
1578 2477 1579 2486 ρ

307 2505 482 2570 latitudine
506 2504 581 2590 plus
605 2505 690 2570 aeris
714 2503 839 2591 recipit,
864 2513 987 2571 aestate
1023 2506 1187 2590 umbram,
1222 2495 1336 2571 hieme
1367 2506 1476 2570 solem

309 2611 371 2678 sub
411 2619 505 2689 teoto,
541 2635 602 2699 pro
649 2613 755 2678 foedis
794 2619 827 2678 et
861 2613 1045 2678 humilibus
1080 2614 1185 2678 ruinis
1221 2615 1287 2679 alta
1321 2613 1476 2679 aedificia

305 2741 496 2806 magnoque
521 2719 644 2805 oppido
669 2720 792 2806 digna?

415 2827 509 2891 Haeo
533 2827 702 2912 exscripsi,
734 2829 815 2913 quia
846 2834 878 2893 et
907 2828 1160 2894 similitudinem
1191 2827 1362 2913 quandam
1394 2849 1476 2892 oum
1579 2847 1580 2866 ν

304 2935 355 3012 lie,
380 2955 466 3020 quae
490 2933 554 2998 Dio
577 2935 683 3013 40,10
708 2936 862 3020 exposuit
886 2931 933 3022 [εὖ
956 2938 1019 3026 γάρ
1042 2943 1108 3004 ἴστε
1132 2935 1203 3020 sql,
1228 2935 1264 3000 in
1279 2935 1350 3000 loeo
1363 2935 1476 3000 inesse

305 3063 404 3106 nemo
427 3040 563 3126 negabit
586 3047 618 3106 et
641 3041 732 3106 haud
756 3041 857 3107 dubie
880 3043 982 3109 verba
1005 3043 1062 3107 illa
1085 3042 1128 3108 ad
1151 3043 1368 3128 porticum
1393 3044 1476 3107 refe-

305 3148 410 3213 renda
433 3154 521 3228 sunt,
547 3155 584 3214 ut
606 3149 674 3213 iam
699 3150 908 3236 exploratum
933 3150 1117 3216 habeamus
1145 3171 1229 3236 opus
1264 3151 1299 3214 in
1331 3150 1402 3216 loeo
1427 3150 1477 3215 di·

305 3262 399 3320 rutae
423 3255 575 3321 ollieinae
599 3261 805 3322 exstructum
828 3258 995 3342 porticum
1017 3259 1119 3325 luisse
1145 3257 1196 3347 [ef.
1223 3261 1276 3339 40,
1286 3260 1315 3324 9.
1340 3259 1474 3346 45‚12].

414 3381 521 3459 47,16.
550 3381 600 3446 17.
649 3381 680 3468 7)
705 3379 756 3450 ὅτι
781 3385 854 3464 τούς
876 3386 1058 3471 Ἀντιοχέας
1080 3388 1136 3454 οὐκ
1160 3387 1243 3466 εἰκός
1266 3387 1355 3454 ἔστιν
1385 3377 1476 3453 οὔδε-

308 3489 365 3569 νο“ς
389 3488 554 3582 ἅψασθαι
578 3492 809 3560 τοιούτου...
835 3503 910 3559 καὶ
930 3493 1062 3572 στοας
1085 3498 1376 3583 ἑκατέρωθεν
1400 3521 1476 3562 πε-

306 3624 333 3664 π
344 3625 360 3661 ο
372 3625 383 3662 ι
395 3598 415 3683 η’
425 3626 443 3664 κ
455 3625 476 3664 α
489 3619 528 3663 σι
539 3624 565 3663 ν.
592 3589 668 3665 ouili
683 3599 758 3678 τούς
777 3607 912 3690 Ταρσεῖς
936 3602 1009 3668 οὐδὲ
1025 3600 1087 3668 νῦν
1112 3604 1313 3688 Νικομηδεῖς.
1339 3607 1375 3667 οἳ
1392 3603 1476 3695 έψη-

306 3718 443 3785 φίσαντο
467 3705 517 3771 τοὶ
542 3702 759 3792 μνήματα
783 3720 1029 3798 μεταίρειν.
1060 3705 1144 3775 17.ὅ
1167 3710 1203 3775 δὲ
1226 3718 1409 3800 Μακρῖνος,
1435 3706 1478 3778 ὃν

416 4008 509 4077 47,14.
539 4013 763 4079 tuamensem
782 4009 823 4064 Μ.
842 4026 863 4064 r.
883 4011 1103 4081 σονεισηέρεῐεΒ.
1123 4028 1148 4066 v.
1168 4029 1202 4067 m.
1217 4041 1248 4050 -
1265 4015 1475 4083 προεθυμεῖσθε.

309 4101 494 4170 προθυμεῖσθε
512 4098 545 4152 B.

414 4189 501 4255 lule.
540 4192 562 4244 1.
590 4184 685 4256 ὅηελος
705 4187 783 4256 Elmp.
812 4187 908 4259 ὄφελος
936 4187 1015 4242 οὐθὲν
1041 4190 1111 4244 libri.
1144 4190 1240 4258 ὄφελος
1268 4195 1374 4244 οἴεσθαι
1402 4189 1476 4244 εἶναι

307 4279 411 4344 μᾶλλον
430 4277 538 4334 Reiske.
568 4283 592 4335 2.
612 4279 647 4328 cb·
668 4277 783 4336 casaub.
802 4295 823 4336 r.
843 4296 893 4333 om.
920 4281 967 4332 uel.
987 4281 1031 4332 καὶ
1056 4295 1125 4347 susp,
1146 4280 1224 4348 Emp,
1246 4311 1276 4320 —
1297 4281 1475 4353 εὐρυχωρίαν.

310 4365 462 4438 εὐρυχωρίᾳ
482 4365 589 4420 Selden.
609 4367 710 4421 Reiske
725 4369 867 4436 supplebat
878 4374 934 4420 τῶν
953 4366 1058 4437 ιῖγυιεῡν
1077 4371 1120 4420 καὶ
1139 4367 1192 4423 bd.
1208 4401 1235 4408 —
1254 4378 1299 4424 τοῦ
1317 4372 1368 4443 μὲν
1386 4372 1419 4427 Β.
1432 4374 1475 4429 Μ.

308 4456 416 4511 Reiske.
442 4461 487 4507 τοιῖ
505 4454 561 4525 μην
580 4458 626 4510 rel.
647 4462 671 4514 3,
691 4455 742 4510 inl
763 4463 849 4528 στέγη.
871 4455 1003 4526 onomat
1023 4457 1064 4511 M.
1078 4455 1128 4510 ὕπὸ
1148 4466 1224 4531 στέγη
1238 4460 1349 4533 ἐχούσης
1362 4463 1475 4524 Reiske.

309 4544 419 4602 -εἷντὶ,
438 4542 496 4597 ἀντὶ
515 4545 544 4596 δὲ
562 4546 671 4602 Reiske.
