3234 5312
785 355 1004 424 ,ρο-

427 549 468 618 V.
516 553 618 632 47,6.Ἰ
659 552 689 640 l)
711 566 747 620 τί
766 547 843 634 edm
877 551 986 622 πάλαι
1018 581 1067 634 τις
1094 547 1158 640 ἤδη
1183 551 1332 642 κάθηται
1359 558 1463 638 λέγων.

314 659 351 726 οὐ
385 654 466 745 προς
491 655 630 750 Ὅμηρον
661 672 717 728 καὶ
752 661 962 750 Πυθαγόραν
997 669 1053 728 καὶ
1076 657 1212 745 Ζήνωνα
1246 663 1466 751 παραβάλλεις

314 767 433 845 adadu
456 765 505 849 μοὶ
529 775 581 834 Δί’·
603 771 659 836 ουκ
683 769 782 851 itroire
800 789 806 802 ·
824 766 911 854 πλήν
934 763 985 836 δ’τι
1002 767 1084 835 ποῖοι
1106 783 1170 846 τοῖς
1187 769 1368 854 φιλοσόφοις
1382 767 1466 846 ἔδοξε

313 874 457 953 χαλτπός
479 875 516 941 ἒν
537 882 578 974 ’τῇ
600 877 736 966 πατρίδι
758 878 774 942 ὁ
799 881 879 954 βίος.

420 997 551 1077 ,Quies
597 999 670 1064 Iam
693 999 751 1065 diu
770 999 861 1065 sedet
878 1000 1046 1085 quispiam
1069 998 1236 1064 dicturus:
1270 999 1322 1064 Tu
1338 1005 1369 1064 te
1393 1021 1466 1065 oum

313 1103 462 1170 Homero
483 1111 518 1170 at
541 1106 730 1192 Pythagora
753 1112 785 1172 et
802 1107 934 1173 Zenone
950 1127 1142 1191 comparare
1158 1105 1286 1171 audes?
1332 1106 1466 1172 Minime

313 1211 478 1296 equidem,
520 1213 585 1278 nisi
627 1212 717 1298 quod
760 1213 916 1278 omnibus
955 1212 1161 1298 philosophis
1198 1212 1467 1279 molestissimum

313 1316 489 1384 videbatur
511 1319 615 1385 vitam
638 1321 674 1384 in
697 1321 805 1406 patris
828 1319 965 1406 degere’

419 1443 633 1510 Manifestum
659 1450 708 1510 est
731 1445 877 1510 latere
901 1445 937 1510 in
960 1443 1012 1510 his
1028 1443 1137 1511 verbis
1161 1445 1337 1510 consilium
1353 1444 1467 1510 Dionis

312 1550 546 1635 peregrinandi
569 1552 700 1630 iterum,
725 1574 802 1618 oum
825 1551 914 1617 dieat
935 1551 970 1616 id
993 1550 1056 1616 sibi
1079 1573 1156 1617 oum
1188 1551 1344 1617 omnibus
1368 1551 1467 1636 philo-

312 1657 425 1742 sophis
458 1679 634 1724 commune
658 1680 738 1737 esse,
762 1658 852 1744 quod
875 1657 1145 1724 molestissimum
1168 1680 1238 1724 esse
1268 1658 1468 1724 existimaret

312 1763 348 1828 in
371 1765 479 1850 patria
501 1765 604 1830 vitam
629 1765 756 1851 degere.
806 1765 900 1852 [Cum
915 1766 978 1831 hoo
993 1766 1064 1831 loeo
1081 1787 1121 1831 ex
1137 1787 1172 1831 rs
1188 1787 1258 1830 esse
1274 1764 1468 1835 crediderim

312 1891 504 1956 comparare
528 1872 712 1938 orationem
734 1873 778 1938 44
800 1894 869 1940 non
892 1873 997 1938 multo
1027 1879 1103 1957 post
1133 1871 1250 1937 Dionis
1282 1893 1323 1936 ex
1354 1871 1467 1937 exsilio

314 1975 458 2048 reditum
481 1978 640 2056 habitam,
664 1979 722 2045 ubi
745 1979 827 2065 legis
850 1984 871 2062 ξ
897 1981 929 2044 l:
954 1983 1001 2068 τῷ
1015 1978 1078 2070 γάρ
1094 1979 1164 2048 ἕντι
1180 1980 1284 2046 πολλοὶ
1309 1980 1390 2064 σοφοὶ
1414 1991 1469 2046 καὶ

311 2089 390 2150 θεῖα
415 2085 546 2176 ελρριιολς
561 2086 700 2177 Ὅμηρος
728 2087 823 2156 οὐδὲν
857 2087 1037 2176 σοφώτερον
1071 2086 1135 2174 ἔφη
1154 2086 1269 2156 τούτου
1293 2091 1350 2154 τοῦ
1372 2085 1470 2165 ἔπους

312 2191 385 2260 otte
420 2192 642 2284 ἀληθέστερον
676 2197 730 2274 ,ὦς
753 2194 847 2264 οὐδὲν
870 2190 999 2276 γλύκιον
1021 2185 1057 2280 ἧς
1080 2195 1255 2280 saeptum?
1302 2191 1399 2258 Unde
1422 2193 1469 2257 in·

313 2297 472 2382 telligitur
494 2299 557 2365 Dio
592 2321 692 2366 suum
715 2299 756 2366 de
779 2300 887 2386 patria
909 2299 1104 2385 nivibusque
1126 2297 1297 2378 iudicium,
1332 2305 1470 2384 quanto

310 2425 388 2490 pere
423 2404 623 2494 mutaverit]
650 2443 691 2454 -
715 2407 962 2472 Confirmantur
996 2428 1084 2486 vero,
1113 2427 1199 2492 quae
1231 2405 1273 2472 da
1302 2405 1366 2473 hoo
1398 2405 1469 2474 loeo

303 2512 459 2598 exposui,
483 2512 609 2580 verbis:

417 2637 532 2716 47‚20.
581 2639 612 2726 2)
636 2641 725 2708 εἰδὲ
757 2636 813 2726 μή,
848 2637 908 2725 τήν
942 2643 1079 2726 ἡσυχίαν
1108 2645 1169 2718 ἔξω
1191 2635 1344 2718 βοόντιον
1366 2641 1468 2724 ὁμοῖν,

306 2743 432 2828 μᾶλλον
455 2748 491 2814 δὲ
514 2745 683 2833 ἄπειμι.

416 2852 525 2930 ,Quod
560 2853 587 2918 si
623 2875 691 2918 non
724 2853 876 2932 feceritis,
909 2853 1055 2938 quietem
1088 2873 1188 2938 agam
1209 2849 1469 2918 vociferantibus

307 2957 411 3037 vobis,
436 2959 489 3025 vel
511 2960 623 3044 potius
645 2959 762 3026 abibo)
1112 3043 1113 3048 ἵ

413 3065 613 3132 Minatur
643 3067 706 3135 hoo
736 3066 807 3132 loco
832 3066 898 3132 Dio
927 3088 961 3132 ee
991 3066 1161 3134 abiturum
1185 3086 1266 3144 esso,
1289 3064 1354 3130 nisi
1377 3064 1470 3131 cives

306 3171 371 3258 ipsi
394 3179 575 3258 parcerent.

413 3280 528 3358 4λ,22.
576 3280 612 3368 3)
644 3288 675 3348 ολ
696 3283 732 3349 δὲ
755 3279 822 3372 ἄρα
845 3283 1090 3368 ἀποδημῶν
1122 3279 1254 3366 ἥδομαι,
1289 3280 1348 3359 τοὶς
1380 3291 1467 3364 μογί-

306 3407 385 3467 σοας
408 3388 521 3468 πόλεις
543 3389 695 3457 ἐπιέναι.
714 3439 719 3452 .
736 3440 764 3452 ..

413 3493 483 3572 ,Sin
492 3500 605 3560 autem
613 3493 856 3580 peregrinando
864 3493 1016 3572 delector,
1024 3493 1188 3558 maximas
1197 3492 1296 3558 urbes
1306 3492 1396 3558 adire
1408 3544 1414 3557 .
1426 3543 1431 3556 .
1446 3493 1464 3556 .’

412 3600 475 3666 Dio
499 3600 675 3666 commoda
697 3608 730 3666 et
752 3602 940 3686 voluptates
953 3621 1162 3678 enumerans,
1181 3599 1304 3685 quibus
1327 3621 1362 3665 se
1385 3620 1467 3684 prae

305 3707 465 3774 molestiis
487 3707 561 3786 illis,
579 3707 702 3793 quibus
717 3708 840 3774 Prusae
857 3707 1116 3793 opprimebatur,
1140 3707 1206 3772 frui
1229 3706 1349 3784 liceret,
1374 3705 1466 3786 dicit,

306 3814 333 3880 si
357 3814 599 3900 peregrinando
628 3815 796 3900 gauderet,
821 3814 904 3880 nihil
922 3813 1098 3899 impedire,
1127 3814 1308 3899 quominus
1331 3833 1467 3878 summo

305 3943 383 3990 oum
413 3922 538 3988 honore
572 3929 724 4008 receptus
753 3921 918 3987 maximas
940 3928 973 3986 et
1002 3921 1201 3986 clarissimas
1225 3919 1323 3985 urbes
1346 3919 1465 3986 adiret.

306 4030 401 4106 Quae
433 4028 536 4094 verba
559 4051 600 4094 ex
623 4028 760 4095 oonsilio
784 4029 843 4093 illo
864 4027 1098 4114 peregrinandi
1121 4028 1241 4092 iterum
1265 4026 1467 4112 profluxisse

304 4135 375 4202 veri
398 4157 467 4201 non
491 4143 540 4202 est
563 4136 733 4202 dissimile.

305 4353 618 4361 ——n—

410 4477 479 4544 47,6.
516 4479 541 4528 3.
561 4472 653 4531 αὐτόν.
672 4470 755 4526 αὐτον
773 4473 813 4528 Μ.

409 4565 500 4630 47,20.
536 4570 561 4621 2.
580 4560 684 4634 ἄπειμι,
705 4566 808 4634 ebrum
825 4562 860 4619 Β.
