3234 5312
777 341 997 406 -16-

418 533 570 612 ‚maiores
609 539 690 601 natu
726 535 972 622 reprehendens
986 587 993 599 .
1009 588 1016 602 .
1032 589 1038 600 .
1056 538 1084 602 si
1122 538 1218 622 quis,
1234 589 1240 602 .
1256 589 1263 601 .
1278 559 1320 602 ex
1369 539 1469 604 rebus

306 640 448 726 publicis
483 663 544 706 sua
577 642 754 708 commoda
787 644 1017 728 quaesiverat.
1034 695 1041 708 .
1056 695 1062 706 .
1078 650 1110 709 et
1140 644 1343 710 miserrimos
1380 646 1470 711 insu·

306 747 401 812 lanos
435 749 582 834 spohans
612 749 675 814 sub
699 751 912 835 vectigahum
946 757 1119 836 praetextu
1154 757 1212 816 aut
1247 752 1391 817 mihtnm
1415 753 1470 818 de·

306 854 421 932 lectus
446 862 484 920 ut
506 857 660 920 nonnulli
683 857 775 942 apud
797 879 858 922 nos
881 858 1027 922 faciunt?

416 963 479 1027 Dio
503 984 573 1028 sese
598 984 675 1028 cum
692 963 824 1028 Socrate
841 965 1089 1050 Prusensesque
1112 986 1190 1030 cum
1207 965 1470 1033 Atheniensibus

308 1089 507 1154 comparans
531 1071 609 1135 olim
634 1071 669 1135 in
694 1070 863 1136 Socratem
886 1093 963 1136 eum
986 1072 1059 1136 aliis
1082 1072 1124 1136 de
1139 1073 1257 1146 causis,
1281 1079 1354 1138 tum
1378 1074 1471 1159 quod

309 1176 568 1242 Atheniensium
599 1185 715 1242 eontra
743 1179 848 1243 socios
876 1178 1103 1244 crudelitatem
1137 1180 1367 1264 vituperasset,
1397 1202 1469 1265 gra·

308 1283 464 1351 vissimas
488 1284 680 1350 inimicitias
703 1292 791 1350 ortas
827 1307 897 1350 esse
932 1287 1078 1371 exponit.
1125 1286 1256 1362 Quibus
1291 1289 1470 1353 coniuncta

308 1398 387 1456 sunt
410 1390 513 1456 verba
536 1388 643 1481 ὥσπερ
668 1393 747 1460 ἔνιοι
772 1398 898 1462 ποιοῦσι
921 1401 997 1482 παρ’
1024 1397 1108 1478 ἡμῖν.
1156 1394 1273 1479 ltaque
1302 1401 1339 1460 ut
1370 1395 1469 1459 Athe-

307 1498 440 1562 nienses
455 1498 492 1562 in
509 1499 624 1576 socios
648 1499 695 1563 ita
709 1499 891 1564 Prusenses
910 1522 1043 1585 quoque
1060 1500 1272 1585 reprehendit
1287 1503 1469 1568 nonnullos

308 1605 344 1668 in
370 1605 520 1670 civitates
543 1605 707 1670 subiectas
731 1605 831 1671 duros
866 1607 1074 1691 iniustosque
1108 1628 1142 1671 se
1170 1607 1337 1692 praebere.
1395 1609 1469 1673 Iam

311 1732 388 1776 cum
413 1711 447 1789 ii,
472 1713 531 1797 qui
554 1712 772 1791 vexabantur,
796 1712 1011 1779 hauddubie
1042 1715 1130 1780 cives
1162 1714 1361 1799 oppidorum
1384 1715 1470 1780 vieo·

311 1839 455 1902 rumque
471 1819 630 1883 Prusensi
650 1818 801 1906 διοικήσει
817 1819 1027 1884 subditorum
1042 1820 1249 1905 intelligendi
1273 1822 1341 1886 sint
1364 1821 1467 1907 [45,6;

309 1925 548 2011 οἷστογείιονες],
574 1927 823 2004 confirmantur,
847 1947 934 2012 quae
956 1927 993 1991 in
1016 1928 1164 1992 oratione
1186 1928 1466 2012 40,331egimus:

309 2045 364 2100 καὶ
394 2029 459 2120 μήν
489 2029 525 2100 ad
549 2039 612 2100 miv
635 2031 860 2120 συμβεβηκδς.
878 2040 1021 2114 ..κνίζει
1050 2034 1123 2115 τους
1152 2031 1270 2114 ἄλλους
1301 2033 1468 2114 ἅπαντας,

309 2146 343 2204 et
377 2138 518 2204 dioecesi
552 2140 705 2205 instituta
728 2141 910 2206 Prusenses
941 2142 994 2206 ius
1030 2142 1243 2226 vectigalium
1278 2149 1470 2207 exercentes

309 2245 480 2311 interdurn
513 2247 707 2312 auctoritate
752 2248 875 2312 abusos
909 2269 980 2313 esse
1011 2248 1180 2314 discimus.
1227 2249 1343 2334 Itaque
1368 2249 1470 2313 etiam

310 2374 351 2417 ex
375 2353 438 2418 hoe
461 2353 533 2418 loeo
556 2354 700 2419 Dionem
733 2361 849 2419 contra
878 2355 1053 2420 Prusensis
1086 2353 1270 2440 διοικήσεως
1306 2356 1470 2421 rationem

310 2460 422 2546 paullo
445 2461 650 2526 infestiorem
673 2461 827 2528 videmus
851 2462 963 2528 luisse.

419 2656 459 2722 V.
496 2657 569 2722 Iam
591 2678 670 2725 vero
693 2664 794 2722 restat
821 2657 979 2723 orationis
1001 2658 1044 2722 48
1067 2660 1089 2744 ξ
1115 2660 1171 2724 11;

416 2764 522 2841 48,11.
570 2769 601 2831 εἰ
623 2761 682 2851 τήν
705 2773 849 2851 ἐμαυτοῦ
863 2768 1007 2856 πατρίδα
1025 2778 1219 2856 τιμιωτέραν
1241 2768 1378 2854 ἐποίησα
1401 2795 1472 2855 χρη-

310 2869 425 2956 μάτων
447 2872 520 2939 τινα
546 2873 696 2961 οἰφορμὴν
719 2874 901 2963 παρασχών
924 2874 993 2940 οἷπδ
1018 2873 1083 2940 τῶν
1113 2877 1330 2954 βουλευτικῶν
1353 2885 1409 2941 καὶ
1433 2875 1472 2959 νὴ

311 2987 378 3044 Δία
403 2980 472 3046 οέπδ
497 2983 563 3047 τῶν
586 2977 755 3068 προσόδων
778 2981 966 3067 ηὐξημένων
991 2978 1046 3046 δια
1070 2978 1130 3066 τήν
1154 2981 1327 3067 crotalon

419 3085 520 3171 ‚quod
543 3085 772 3151 auctoritatem
795 3086 921 3172 patriae
944 3085 1024 3150 auxi
1053 3087 1271 3172 pecuniarum
1302 3086 1473 3180 quandem

312 3193 520 3257 occasionem
552 3192 732 3278 expediens
761 3214 802 3258 ex
831 3199 949 3260 senatu
979 3199 1012 3258 et
1042 3193 1161 3259 Hercle
1191 3215 1232 3259 ex
1256 3192 1474 3279 vectigalibus

313 3299 422 3364 auctis
447 3320 507 3385 per
529 3298 695 3364 dioecesin
704 3300 728 3362 ‘l’

421 3405 551 3482 Quibus
574 3405 684 3472 verbis
710 3406 834 3493 [omitto
850 3414 963 3472 autem
979 3428 1056 3472 eum
1072 3407 1228 3494 Emperio
1245 3407 1363 3498 ὥσπερ,
1381 3407 1472 3494 quod

313 3514 349 3578 in
372 3512 484 3578 codiee
512 3514 547 3577 M
569 3513 714 3598 margini
741 3513 945 3600 adscriptum
977 3517 1034 3598 est]
1070 3515 1225 3581 videntur
1255 3516 1321 3580 duo
1354 3514 1473 3580 Dionis

314 3642 392 3705 erga
415 3620 557 3706 patriam
579 3620 698 3685 merita
721 3621 908 3706 significari.

420 3727 570 3791 Primum
594 3728 685 3813 quod
708 3728 861 3793 ditiorem
884 3749 958 3793 eam
981 3728 1160 3794 reddiderit
1175 3730 1383 3796 institutione
1405 3736 1475 3798 τοῖν

314 3839 530 3916 βουλευτικῶν
554 3855 596 3898 sc,
621 3834 803 3925 χρημάτων.
841 3837 934 3912 Quae
958 3837 1060 3902 verba
1082 3858 1150 3901 non
1174 3858 1311 3922 possum
1334 3859 1403 3904 non
1425 3837 1474 3900 in-

315 3941 487 4026 terpretari
514 3962 592 4006 cum
615 3941 759 4022 Reiskin,
785 3942 843 4028 qui
867 3942 946 4008 dicit
969 3943 1001 4007 ΙΙ
1024 3966 1078 4028 pg.
1104 3944 1241 4021 alam:
1278 3943 1474 4023 βουλευτικοὶ

316 4049 382 4112 scil.
400 4023 561 4139 ipq'pata
579 4047 735 4114 videntur
751 4050 852 4115 luisse
869 4057 955 4114 certa
973 4050 1139 4136 quaedam
1155 4072 1287 4116 summa
1300 4052 1472 4137 pecuniae,

317 4176 420 4240 quarn
443 4177 551 4221 novus
576 4156 718 4242 quisque
743 4163 874 4222 senator
897 4179 957 4243 pro
980 4158 1133 4243 ingressu
1164 4157 1199 4222 iu
1232 4158 1359 4224 curiam
1382 4158 1476 4224 velut

423 4461 514 4527 48‚11.
547 4465 570 4516 1.
589 4461 613 4511 εἰ
630 4460 662 4517 Β.
679 4459 794 4517 Oasaub.
812 4474 833 4513 r.
847 4457 969 4524 omilin?
987 4475 1058 4516 ΜΠ.
1084 4465 1109 4514 2.
1119 4457 1275 4531 παρασχών.
1286 4464 1417 4531 παρέσχον
1432 4459 1475 4529 Μ,

318 4546 362 4602 eui
381 4543 467 4618 ὥσπερ
486 4547 515 4602 in
533 4548 655 4617 margine
673 4547 796 4602 additum
815 4553 864 4608 est.
