3234 5312
618 361 836 426 ..15-

145 561 226 625 vata
257 562 351 622 erant
381 557 417 622 in
440 556 706 622 administranda
728 556 899 642 republica
921 555 1088 634 Prusensi,
1122 554 1306 639 complecti.

146 665 270 743 Quare,
296 665 323 729 si
346 685 389 729 ne
412 670 489 729 ante
514 667 670 752 διοίκησιν
686 663 822 748 quidem
838 664 1025 728 institutam
1042 668 1160 727 senatu
1175 660 1308 725 carebat

145 773 262 847 Prusa,
286 771 321 835 id
344 771 435 856 quod
459 771 636 849 nescimus,
662 769 832 836 diversum
855 771 951 834 illum
974 769 1077 834 tuisse
1100 789 1233 832 necesse
1258 773 1307 832 est

144 879 188 943 ab
227 899 265 943 eo
304 885 431 957 senatu,
473 877 596 943 scilicet
633 883 768 942 centum
805 877 968 955 virorum,
1010 877 1069 962 qui
1115 896 1191 961 pars
1238 880 1309 939 erat

145 986 339 1073 διοικήσεως.

252 1092 329 1157 Jam
353 1113 441 1172 vero,
477 1092 504 1156 si
529 1091 581 1156 his
604 1090 649 1178 ἕξ
673 1091 737 1156 Dio
761 1091 908 1176 primurn
943 1090 985 1155 dc
1023 1094 1150 1168 senatu,
1187 1088 1308 1154 deinde

145 1199 187 1264 de
210 1199 342 1264 iudiciis
377 1198 534 1284 disputat,
569 1197 647 1262 inde
682 1199 820 1263 tortasse
854 1197 1006 1282 sequitur
1039 1202 1194 1261 senatum
1230 1203 1307 1261 ante

145 1305 271 1370 iudicia
292 1306 483 1370 institutum
500 1326 570 1369 esse
598 1304 732 1382 Prusae,
765 1309 879 1389 utpote
894 1303 995 1368 totius
1011 1302 1307 1368 administrationis

144 1412 414 1478 fundamentum.
460 1412 589 1497 Nempe
612 1411 708 1478 novis
732 1411 848 1476 officiis
872 1416 972 1495 atque
995 1409 1191 1474 muneribus
1227 1430 1307 1494 prae

144 1519 262 1585 ceteris
285 1519 499 1604 magistratus
523 1518 745 1584 constituendi
769 1524 871 1583 erant.
918 1518 962 1583 nt
984 1516 1188 1602 intelligitur,
1224 1517 1307 1601 quid

144 1626 210 1692 sibi
247 1626 351 1692 velint
389 1625 492 1693 verba
528 1625 645 1690 Dionis
676 1626 739 1707 §9
771 1627 813 1692 τοὶ
853 1625 968 1710 γ’δλλα
1003 1625 1113 1715 ὀρθοῖς
1133 1625 1308 1710 ...πλήν

144 1733 200 1801 ὅτι
224 1755 272 1818 sq.
319 1733 406 1797 Nam
430 1731 638 1798 senatoribus
661 1731 771 1796 electis
795 1731 1029 1796 difficillimum
1052 1737 1185 1795 munus
1205 1731 1306 1794 totius

143 1839 442 1905 administrationis
465 1838 688 1904 instituendae
704 1837 917 1904 subeundum
934 1844 1003 1903 erat
1019 1844 1060 1917 et,
1077 1859 1155 1902 cunr
1171 1842 1307 1902 centum

144 1953 314 2012 senatores
337 1946 410 2031 pari
432 1947 503 2011 iure
527 1945 669 2031 praediti
692 1945 735 2010 ad
758 1967 828 2010 rem
851 1966 975 2010 novam
1008 1951 1109 2029 atque
1137 1944 1307 2008 insolitam

146 2053 418 2139 aggrederentur,
443 2052 507 2117 Dio
530 2051 716 2131 verebatur,
740 2073 782 2116 ne
805 2053 841 2116 in
857 2057 950 2117 tanta
972 2050 1187 2121 multitudine
1209 2051 1307 2116 multi

145 2160 280 2226 muneri
314 2159 538 2225 instituendae
573 2158 774 2244 reipublicae
808 2159 953 2244 impares
985 2158 1216 2224 invenirentur
1242 2159 1306 2241 [κα-

143 2270 261 2355 θάπερ
285 2275 314 2335 ολ
336 2269 511 2354 μυούμενοι
534 2267 754 2353 μυσταγωγῶν
777 2264 985 2354 ἕδεηίλησαν]Ι

252 2463 312 2529 IV.
337 2461 467 2527 Accedo
485 2461 528 2526 ad
545 2461 729 2526 orationem
744 2461 797 2539 43,
810 2483 851 2526 ex
862 2482 930 2546 qua
941 2461 1089 2546 primum
1106 2459 1304 2526 exscribam:

252 2571 336 2649 43‚1.
387 2568 492 2655 1)ch
522 2566 564 2636 τοὶ
588 2576 650 2653 μὲν
673 2561 710 2637 εδ
743 2580 908 2654 πεποίηκα
942 2570 1002 2654 τήν
1036 2571 1191 2658 πατρίδα,
1231 2578 1306 2646 ταῖς

144 2679 292 2768 πρώταις
320 2683 392 2763 ἴσην
410 2676 518 2762 ccciv
541 2678 720 2755 ἀποδείξας
735 2684 828 2762 τιμῆς
842 2682 948 2754 ἕνεκα,
972 2673 1013 2743 τοὶ
1031 2678 1068 2742 δὲ
1083 2678 1205 2765 ποιήσω
1223 2679 1306 2743 θεοῦ

144 2781 301 2864 διδόντος.

254 2896 297 2968 ,et
318 2889 440 2975 partim
463 2889 632 2954 beneficiis
655 2889 732 2954 iam'
757 2890 873 2957 ornavi
908 2889 1052 2975 patriam
1074 2889 1305 2954 illustrissimis

144 2996 337 3064 civitatibus
360 3018 475 3082 parem
499 3017 573 3062 eam
603 2994 744 3062 reddens
776 2996 912 3086 honoris
941 2997 1057 3082 gratia,
1081 2997 1204 3083 partim
1227 3017 1305 3062 vero

145 3103 273 3170 ornabo
297 3103 359 3168 deo
382 3102 581 3171 adiuvante.'

254 3211 348 3275 Haec
371 3209 482 3288 verba,
507 3230 593 3295 quae
617 3213 696 3274 sunt
712 3208 752 3274 de
768 3209 886 3275 Dionis
903 3231 981 3294 erga
1003 3209 1143 3295 patriam
1169 3209 1305 3288 meritis,

144 3318 246 3404 plane
269 3312 459 3403 congruunt
481 3338 559 3383 cum
588 3316 669 3382 locis
701 3337 803 3401 supra
824 3317 988 3382 tractatis:
1024 3317 1101 3396 45,4
1124 3321 1233 3385 ταῦτα
1258 3319 1303 3395 δὲ,

145 3430 179 3494 ελ
200 3437 262 3509 μέν
284 3427 351 3493 ἔστι
374 3423 515 3515 χρήσιμα
538 3445 585 3509 sq.
622 3463 665 3470 —
699 3426 740 3489 τοὶ
762 3432 825 3511 μὲν
847 3429 883 3492 εὖ
906 3437 1080 3512 πεποίηκα.
1138 3425 1214 3504 45,3
1249 3436 1305 3491 καὶ

145 3540 195 3624 τῷ
216 3530 357 3624 παρόντι
379 3537 481 3623 καιρῷ
504 3533 584 3623 πρδς
618 3535 730 3622 ἑτέρας
763 3539 945 3622 κεχρῆσθαι
979 3534 1101 3621 δωρεάς
1135 3569 1179 3578 -
1201 3531 1242 3599 coi
1269 3534 1306 3600 δὲ

145 3637 281 3728 ποιήσω,
307 3638 364 3704 sed
389 3660 426 3704 eo
450 3660 584 3724 quoque
608 3638 773 3704 cumillis
796 3638 986 3716 concinunt,
1012 3638 1112 3723 quod,
1138 3659 1306 3724 quaenam

146 3747 274 3812 fuerint
296 3746 416 3812 merita
437 3745 503 3826 illa,
528 3745 626 3831 plane
650 3751 756 3810 taceat
779 3746 927 3830 scriptor.

253 3854 362 3933 43,10.
399 3853 430 3941 2)
454 3850 527 3932 τούς
550 3859 782 3944 πρεσβυτέρους
807 3852 992 3929 δνειδίζιον.
1008 3902 1014 3919 .
1030 3905 1036 3918 .
1052 3903 1057 3916 .
1072 3860 1106 3921 εἴ
1123 3879 1214 3931 τις..
1231 3905 1236 3917 .
1262 3854 1304 3920 τοὶ
1330 3880 1333 3886 ·

148 3966 205 4048 τῆς
236 3960 360 4040 πόλεως
383 3962 578 4052 ἠργολάβει.
597 4013 601 4024 .
618 3959 709 4039 ,τούς
733 3963 770 4028 δὲ
793 3958 951 4048 νησιώτας
981 3956 1056 4039 τούς
1078 3961 1307 4044 ταλαιπώρους

146 4072 316 4158 λεηλατῶν
338 4070 394 4136 ἐπὶ
422 4070 583 4158 προφάσει
598 4065 705 4157 φόρων
732 4067 935 4163 ἢκαταλογῇ
957 4074 1171 4156 στρατιωτῶν,
1196 4063 1306 4157 ώσπερ

148 4177 233 4246 ἔνιοι
256 4180 384 4244 ποιοῦσι
407 4181 486 4266 παρ’
510 4177 595 4263 ἡμῖν.

256 4481 333 4548 tal.
369 4483 394 4532 2.
413 4475 446 4530 rd
466 4477 505 4528 δὲ.
524 4473 552 4529 cd
571 4476 601 4528 δὲ
619 4476 651 4530 Β,
666 4475 706 4533 Μ.

255 4571 298 4640 48,
308 4570 348 4622 10.
384 4571 409 4621 4.
428 4563 495 4638 ἡμῖν
512 4566 545 4621 Β.
564 4565 605 4624 M.
624 4561 689 4638 δμῒν
706 4566 771 4623 rel..
