3234 5312
635 343 853 408 ..53-

156 543 314 626 λομένους
349 551 405 606 καὶ
440 536 621 623 οἷναγιιάζει
654 537 844 627 χρήσασθαι
879 538 1039 625 ἀλλήλοις.
1065 541 1187 608 ἐκεῖνοί
1205 568 1240 607 τε
1262 541 1326 630 γάρ

156 650 295 714 δέονται
319 645 374 733 τῆς
395 673 463 734 παρ

155 754 278 840 ἔχομεν
294 752 369 821 οὔτε
385 758 624 837 εἰσαγαγέσθαι
642 755 681 820 δι’
707 759 816 838 ἐτέρου
840 757 965 840 λιμένος
988 754 1062 822 οὔτε
1085 756 1260 847 ἐκπέμψαι
1283 753 1324 820 τά

155 862 339 944 γιγνόμενα
363 866 443 949 παρ’
465 863 554 947 ἡμῖν.

269 969 390 1052 ‚Atque
414 973 510 1036 terra.
533 967 628 1046 mari,
661 967 833 1034 montibus
862 967 954 1032 omni
987 966 1087 1032 modo
1111 966 1228 1032 codem
1252 988 1325 1032 oon-

155 1075 326 1140 trahimur
346 1073 443 1140 inviti
467 1074 568 1139 etiam
591 1080 623 1139 et
646 1075 797 1159 cogimur
820 1074 930 1140 alteris
954 1074 1037 1140 utris
1060 1075 1119 1138 uti.
1166 1073 1218 1138 Illi
1235 1074 1326 1138 enim

154 1183 261 1268 lignis
283 1182 320 1246 in
343 1181 435 1247 silvis
461 1181 583 1246 nostris
619 1181 722 1246 caesis
757 1181 939 1267 multisque
974 1181 1048 1246 aliis
1082 1181 1181 1246 rebus
1217 1186 1325 1266 egent,

154 1311 271 1375 neque
295 1310 356 1353 nos
380 1288 484 1353 alium
511 1293 642 1373 poitum
665 1287 838 1367 habemus
863 1309 1047 1374 perquem
1063 1309 1190 1354 merces
1206 1288 1326 1372 impor-

156 1403 272 1462 temus
297 1401 354 1460 aut
378 1417 465 1480 quae
489 1394 579 1480 apud
604 1417 665 1460 nos
688 1395 884 1480 gignuntur,
909 1396 1141 1480 exportemus'

269 1501 481 1567 Accedebant
504 1502 578 1567 alia.
625 1502 742 1586 Neque
778 1501 868 1566 enim
903 1502 1010 1567 solum
1046 1501 1229 1567 conubium
1257 1507 1327 1566 crat

153 1612 246 1676 inter
263 1610 470 1694 Apamenses
486 1616 519 1673 et
533 1609 714 1674 Prusenses
733 1609 794 1695 140,
805 1610 863 1674 22:
888 1627 954 1688 τοῖς
968 1613 1127 1684 πλείστοις
1144 1610 1325 1694 ἐπιγαμίας

152 1715 377 1806 ὑπαρχούσης.
425 1717 548 1794 41,10:
580 1717 678 1802 γάμοι
702 1718 825 1800 κοινοί],
851 1715 909 1780 sed
932 1716 1156 1782 institutiones
1192 1736 1326 1800 quoque

153 1825 312 1912 publicas
336 1823 501 1908 quasdam
525 1844 720 1888 communes
743 1821 929 1888 habebant:

268 1931 392 2007 4Ο,28;
429 1933 465 1998 ἐν
490 1933 525 1998 δὲ
560 1947 630 2009 ταίς
665 1947 787 2009 κοιναῖς
822 1931 1107 2018 πανηγύρεσι
1142 1941 1197 1996 καὶ
1231 1935 1326 1996 θεάν

151 2046 337 2127 ἑορταῖς
360 2045 417 2106 καὶ
440 2042 549 2114 θέαις,
576 2033 638 2124 ὅσῳ
662 2055 892 2125 κρεῖττον...

268 2145 312 2224 ,in
325 2142 560 2210 communibus
570 2144 797 2230 veropompis
812 2142 930 2209 diebus
943 2143 1034 2208 festis
1046 2141 1195 2220 deorum,
1205 2148 1327 2226 specta-

152 2253 254 2329 culis
279 2257 405 2336 quanto
429 2250 548 2316 melius
563 2301 569 2312 .
585 2301 591 2313 .
606 2302 612 2314 .
628 2250 643 2315 .'
1083 2331 1085 2335 ,

267 2359 320 2436 40,
330 2360 387 2427 29:
418 2365 453 2425 αἱ
477 2360 513 2425 δὲ
535 2356 723 2447 ἐπιβοήσεις
754 2363 906 2448 ἑκατέρου
936 2361 994 2426 τοῦ
1023 2354 1175 2444 πλήθους
1203 2358 1239 2422 ἐν
1263 2374 1327 2435 τοῖς

151 2469 366 2544 σταδίοις
390 2477 446 2533 καὶ
470 2467 869 2549 τοῐςθεάτροις....

267 2572 387 2657 ,Atque
433 2571 687 2636 acclamationes
720 2571 894 2656 utriusque
927 2568 1033 2656 plebis
1073 2569 1252 2654 spectantis
1291 2569 1327 2632 in

149 2679 274 2747 stadiis
298 2685 330 2744 et
352 2679 533 2743 theatris..
550 2679 566 2742 .'

264 2786 317 2864 41,
334 2788 390 2850 10:
416 2788 497 2873 πρὸς
521 2781 574 2866 oiig
597 2789 672 2872 ὑμῖν
696 2797 752 2852 καὶ
786 2787 885 2871 γάμοι
921 2795 1021 2851 κοινοῖ
1055 2795 1111 2849 καὶ
1148 2794 1246 2852 τέκνα
1270 2795 1326 2849 καὶ

148 2898 392 2965 πολιτεῖαι
421 2906 474 2960 καὶ
514 2901 676 2960 θυσίαι
719 2892 838 2960 θεῶν
876 2891 1236 2980 καὶπανηγάρεις
1269 2899 1327 2956 καὶ

149 3003 373 3084 θεάματα
398 3012 454 3068 καὶ
477 3001 850 3085 συμπαιδεύεσθε
873 3016 938 3076 τοῖς
961 3003 1042 3064 ιιαθ1
1068 3004 1216 3066 ἕνα...

267 3107 477 3193 ‚quibuscum
502 3106 646 3172 conubia
670 3106 763 3171 vobis
788 3112 820 3170 et
843 3104 937 3170 liberi
966 3112 999 3170 et
1026 3125 1077 3168 res
1111 3103 1263 3187 publicae
1295 3109 1327 3167 et

148 3239 209 3282 res
234 3214 367 3280 divinae
391 3220 423 3278 et
446 3235 588 3299 pompae
613 3219 644 3278 et
668 3212 855 3298 spectacula
873 3210 1067 3277 communia
1090 3215 1169 3274 sunt
1192 3216 1224 3276 et
1248 3230 1325 3274 cum

149 3321 299 3406 singulis
323 3321 502 3386 erudimini
521 3373 527 3385 .
544 3373 548 3384 .
566 3374 571 3384 .
589 3321 603 3382 .'

266 3429 316 3492 Ex
342 3427 393 3492 his
431 3428 510 3492 locis
546 3426 706 3492 discimus
741 3425 864 3490 multas
888 3446 949 3500 ree,
987 3445 1072 3509 utute
1108 3422 1151 3487 ad
1186 3422 1325 3487 deorum

150 3537 296 3612 cultum,
321 3534 519 3620 spectacula,
544 3534 721 3599 liberorum
748 3531 969 3597 eruditionem
997 3529 1218 3616 pertinebant,
1244 3529 1321 3593 Pru-

150 3641 311 3711 sensibus
330 3649 362 3706 et
377 3640 624 3726 Apamensibus
641 3661 835 3704 communes
853 3639 964 3703 fuisso.
991 3637 1088 3714 Quod
1104 3645 1217 3700 autem
1233 3635 1325 3700 addit

150 3752 260 3818 etiam
275 3751 309 3814 in
324 3748 471 3834 gerenda
486 3770 520 3812 re
536 3747 670 3834 publica
686 3747 834 3832 aliquam
851 3746 953 3810 fuisse
978 3745 1024 3809 eis
1041 3743 1323 3821 communionem,

149 3859 341 3924 illustratur
364 3855 398 3920 id
423 3855 521 3920 locis:

266 3964 318 4042 40,
329 3964 387 4027 22:
421 3963 514 4031 τοῦτο
550 3964 586 4030 δὲ
620 3963 764 4030 πολιτῶν
787 3986 892 4033 τινων,
918 3970 973 4026 καὶ
998 3954 1114 4039 σχεδάν
1136 3964 1203 4024 τοῖν
1227 3956 1323 4025 δυνα-

149 4073 314 4142 τωτάτων
337 4075 416 4160 παρ’
441 4066 526 4156 ἡμῖν,
551 4069 605 4156 τῆς
629 4077 707 4158 παρ’
732 4069 863 4146 ἐκείνοις
886 4072 982 4152 τιμῆς
1005 4062 1233 4152 τετυχηκότων.

408 4269 475 4276 -——

265 4375 355 4443 40‚28.
393 4379 418 4429 2.
437 4377 523 4429 θέαις,
542 4373 619 4429 θεαῖς
637 4369 670 4423 Β.
690 4369 730 4426 M.

264 4466 355 4518 4L10.
386 4465 410 4518 3.
431 4457 652 4531 συμπαιδεύεσθε.
671 4453 903 4528 συμπιιιάεὺεσθαι
922 4455 962 4510 Μ,
981 4450 1322 4508 συνεπαιάεάεσθεΒθίεΚθ.

265 4554 356 4619 40‚22.
395 4556 418 4605 1.
438 4569 528 4603 τινων.
548 4553 647 4600 κοινῶν
666 4547 705 4600 Μ.
743 4552 768 4603 2.
788 4543 860 4616 ἡμῖν,
882 4542 946 4616 ὑμῖν
965 4545 1004 4598 Μ.
