3234 5312
794 347 1011 413 ...62-

427 545 516 622 48,7.
566 543 595 631 l)
633 545 678 626 [ἐν
701 550 747 634 τῷ
783 543 1005 633 διαφέρεσθαί
1035 545 1112 627 ἐστι]
1150 542 1186 610 τό
1222 545 1326 630 μηδὲν
1360 539 1478 623 ἰσχύειν

321 650 399 739 μήτε
423 660 500 740 παρ’
524 656 658 731 ἑαυτοῖς,
683 649 764 739 μήτε
786 653 879 739 παροδ
904 668 969 730 τοῖς
992 652 1214 738 ἡγεμόσιν.

428 758 485 841 ‚[in
509 757 675 823 discordia
698 757 845 843 positum
868 760 925 840 est]
950 757 1035 821 nihil
1058 757 1167 822 valere
1191 762 1249 822 aut
1271 755 1362 842 apud
1393 756 1478 841 ipsos

321 872 380 929 aut
402 864 492 950 apud
516 865 704 950 principos!
798 839 804 860 ⁸

427 971 468 1035 ln
482 972 678 1038 universum
694 972 776 1038 haee
793 971 974 1038 dictasunt
999 971 1039 1035 de
1056 970 1245 1038 conditione
1274 970 1478 1037 subditarum

321 1079 503 1154 civitatum,
530 1100 616 1164 quae
640 1079 674 1142 id
697 1078 840 1144 debeant
864 1078 1005 1156 studere,
1030 1084 1068 1142 ut
1090 1100 1159 1144 non
1176 1079 1284 1144 solum
1308 1077 1408 1157 domi,
1425 1077 1479 1142 sed

321 1186 533 1271 potissimum
556 1185 648 1271 apud
671 1186 885 1270 magistratus
911 1185 1081 1251 Romanos
1104 1184 1232 1270 aliquid
1254 1185 1395 1262 valeant.

427 1294 539 1372 38‚33.
602 1291 633 1379 2)
673 1301 837 1379 πειρᾶσθε
878 1295 914 1361 δε
946 1305 1004 1360 καὶ
1042 1311 1106 1372 τοῖς
1144 1296 1363 1380 ἡγεμόσιν
1401 1297 1480 1360 αἰδοῖ

322 1412 478 1486 παρέχειν
502 1400 554 1468 nisi
577 1409 670 1468 τοῦτο
695 1397 838 1489 φανερόν
861 1408 1089 1477 καθισταντες,
1113 1399 1167 1468 ότι
1191 1401 1234 1487 μή
1253 1403 1381 1493 α’πόχριγ
1406 1404 1481 1487 ὑμῖν

321 1511 430 1586 καλῶς
454 1510 653 1576 διοικεῖσθαι
676 1505 797 1594 μόνοις,
830 1508 917 1574 ἄλλά
941 1509 1068 1588 παντός
1096 1509 1305 1594 ἐπιμελεῖσθε
1333 1515 1391 1578 τοῦ
1418 1508 1481 1576 τιόν

322 1619 481 1683 Βιθυνῶν
503 1627 622 1699 γένους.

430 1721 645 1800 ,Provideatis
668 1743 758 1802 vero,
783 1727 820 1785 ut
842 1721 1009 1806 principes
1032 1743 1167 1807 quoque
1196 1723 1300 1807 pluris
1316 1743 1376 1788 vos
1392 1722 1482 1787 aesti-

322 1835 415 1894 ment
437 1829 519 1893 illud
536 1849 668 1913 semper
683 1827 840 1894 omnibus
856 1828 1121 1894 demonstrantes
1138 1850 1206 1894 non
1223 1829 1317 1895 vobis
1334 1829 1484 1894 sufficere

322 1937 410 2002 bona
427 1957 499 2024 'vos
534 1935 621 2001 solos
655 1935 942 2000 administratione
979 1936 1037 2013 uti,
1073 1935 1132 2001 sed
1166 1937 1226 2001 toti
1261 1937 1483 2021 Bithynorum

322 2043 414 2128 genti
437 2042 636 2108 consulatis)

432 2149 464 2237 3)
487 2149 574 2214 Loco
598 2171 733 2234 quoque
756 2149 809 2227 40,
823 2151 876 2218 10:
902 2163 958 2218 καὶ
978 2153 1112 2228 πλέονος
1129 2148 1302 2235 τυγχάνειν
1317 2158 1411 2239 τιμῆς
1430 2162 1486 2218 καὶ

321 2260 414 2349 παρά
451 2263 517 2325 τῶν
545 2257 791 2343 ἐπιδημούντων
816 2263 917 2335 ξένων
941 2270 996 2324 καὶ
1030 2259 1122 2345 παρά
1154 2265 1221 2324 τῶν
1250 2254 1487 2346 ἡγεμόνιον

262 2447 264 2454 Ι
322 2365 391 2428 iam
414 2384 516 2449 supra
541 2363 604 2448 [pg.
629 2362 660 2448 3]
685 2363 848 2428 illustrato
881 2362 922 2428 de
946 2362 1196 2447 magistratibus
1233 2364 1395 2430 Romanis
1422 2363 1486 2430 Dio

323 2472 481 2556 loquitur,
506 2471 566 2555 qui
589 2470 739 2536 civitates
763 2470 953 2555 provinciae
977 2469 1138 2536 visebant.

427 2578 540 2657 4022.
587 2577 620 2662 4)
643 2576 775 2663 ἔχοντας
798 2586 856 2645 καὶ
871 2580 964 2666 παρά
989 2596 1054 2658 τοῖς
1077 2577 1262 2664 ἡγεμόσι
1286 2575 1382 2668 τιμήν
1405 2603 1481 2645 τινα
1592 2573 1593 2631 i

321 2699 378 2756 καὶ
401 2688 552 2772 δύναμιν.

429 2791 598 2870 ‚habentes
634 2797 666 2856 et
706 2791 797 2877 apud
845 2791 1011 2877 principes
1049 2793 1210 2858 honorem
1249 2792 1420 2880 quendam
1456 2799 1490 2858 et

321 2899 570 2966 auctoritatem!

428 3095 485 3160 III.
523 3095 635 3160 Minus
659 3101 772 3160 autem
796 3096 903 3180 placet
926 3097 983 3161 illa
1005 3097 1233 3182 interpretatio
1256 3097 1309 3175 38,
1319 3097 1361 3161 34
1383 3103 1416 3161 et
1432 3097 1488 3175 36,

322 3203 380 3270 ubi
404 3204 483 3268 certi
506 3201 659 3288 ἡγεμόνες
681 3201 837 3268 videntur
860 3204 1060 3289 vituperari:

429 3312 480 3389 38,
490 3310 541 3375 34.
591 3310 620 3398 l)
637 3321 775 3392 καὶτοῖς
797 3307 981 3399 ἡγεμόσι
997 3313 1167 3400 γενήσεται
1184 3315 1304 3380 πλείων
1321 3310 1487 3403 διατροπή
1590 3293 1591 3338 δ

323 3420 403 3508 πρὸς
425 3421 510 3504 ὑμᾶς
533 3429 589 3485 καὶ
611 3419 720 3505 φόβος,
746 3415 808 3488 δάν
831 3421 959 3487 οἷδικεῖν
982 3422 1132 3487 θέλωσιν.

428 3525 543 3604 38,36,
590 3525 621 3612 2)
645 3524 687 3592 τά
713 3527 749 3593 δὲ
771 3530 838 3594 τῶν
861 3528 1089 3613 ἡγεμόνοιν
1120 3535 1180 3596 νῦν
1202 3534 1264 3615 μὲν
1288 3525 1377 3606 όπιιις
1407 3526 1491 3613 ἔχει,

323 3646 359 3700 τί
378 3634 427 3699 δεῖ
447 3633 529 3719 πρός
550 3634 787 3718 ἐπισταμένους
809 3637 929 3717 λέγειν;
952 3632 973 3720 ἢ
994 3635 1058 3723 γάρ
1082 3633 1139 3702 οὐκ
1155 3636 1411 3703 ἐπαισθάνεσθε
1430 3642 1492 3720 τῆς
1589 3677 1590 3720 3

323 3741 522 3830 τυραννίδος,
549 3737 587 3826 ἣν
610 3735 631 3826 ἤ
655 3737 764 3821 στάσις
786 3743 806 3827 ἡ
829 3735 969 3832 δμετέρα
987 3742 1098 3808 δίδωσι
1116 3759 1181 3821 τοῖς
1203 3737 1357 3833 ἄρχουσιν
1372 3745 1472 3826 ὑμῶν
1483 3774 1494 3822 ,·
1589 3721 1590 3748 i

429 4025 502 4092 48,7.
541 4027 564 4076 1.
593 4019 623 4074 τό
647 4023 741 4093 μηδδν.
767 4021 815 4075 τόν
833 4025 918 4095 μηδὲν
944 4025 983 4078 Μ.
1004 4030 1029 4082 2.
1048 4031 1110 4096 nap'
1135 4026 1235 4085 ἑαυτοῖς
1252 4025 1318 4097 μήτε
1338 4024 1410 4097 παρά
1433 4031 1497 4086 τοῖς

324 4113 401 4180 Emp.
421 4112 483 4182 παρ’
503 4111 603 4170 ἑαυτοῖς
622 4111 661 4168 Μ.
679 4109 751 4182 παρά
768 4117 822 4172 τοῖς
835 4115 882 4171 rel.
902 4113 1003 4170 Reiske
1022 4121 1082 4182 post
1096 4112 1222 4186 ἡγεμόσιν
1241 4115 1318 4170 addit
1331 4113 1398 4187 μήτε
1414 4116 1497 4190 παρά

324 4206 377 4259 τοῖς
395 4199 577 4271 όσιυγειτοσιν
596 4203 640 4256 vel
657 4199 724 4272 μήτε
743 4201 815 4274 παρά
835 4209 873 4274 τῷ
890 4203 999 4270 βασιλεῖ.

430 4295 520 4358 38,33.
558 4295 582 4345 3.
602 4288 679 4348 etta.
698 4287 765 4343 α’δλά
793 4293 836 4344 καὶ
865 4308 887 4345 r.
915 4307 948 4346 ex
971 4293 1087 4361 Interpr.
1109 4323 1140 4333 -
1161 4295 1327 4365 ἐπιμελεῖσθε
1354 4309 1375 4349 r.
1399 4297 1501 4368 ἐπιμε-
1587 4293 1588 4296 “

325 4381 430 4432 δεῖσθαι
450 4381 497 4433 rel.

431 4473 524 4537 38,36.
562 4474 586 4522 2.
606 4466 623 4533 ἢ
641 4465 696 4539 γάρ
715 4470 791 4537 ldmp.
812 4467 827 4535 ἦ
845 4468 900 4542 γάρ
914 4469 954 4528 Μ.
973 4465 989 4536 ἢ
1008 4469 1063 4540 γάρ
1081 4473 1129 4529 rel.
1148 4503 1175 4510 —
1194 4471 1400 4528 ἐπαισθάνεσθε.
1416 4475 1502 4528 ἔπαι-

325 4558 479 4611 σθοὲνεσθαι
498 4558 538 4615 M.
