3234 5312
768 349 989 418 ...46-

299 547 390 640 δήμῳ
411 552 494 638 μηδὲ
517 553 644 626 ἕξουσιν
676 553 707 613 ολ
737 548 1033 635 συκοφαντούμενοι
1065 547 1124 615 τον
1153 541 1465 632 παραιτούμενονῆ

299 660 535 740 συναλγοῦντα.
555 667 611 723 καὶ
629 657 685 722 (λαὶ
703 659 794 722 τοῦτο
811 657 971 734 δυσκόλως
986 657 1044 740 ἐμὲ
1062 665 1149 743 φέρει
1165 682 1213 735 τις
1228 654 1461 740 ἐπιδημοῦντα.

299 773 356 832 καὶ
393 760 456 852 γαρ
492 770 523 830 εἰ
555 765 685 843 πλείους
725 757 819 845 ἦσαν,
862 757 947 851 ἥπερ
985 768 1078 839 εἰσὶν,
1114 761 1218 841 οὐδεὶς
1256 763 1335 848 ἐμοῦ
1369 759 1463 848 φήσει

298 870 433 958 μᾶλλον.

408 977 515 1056 ,Scitis
539 976 627 1042 enim
652 974 725 1040 illos
749 975 832 1040 haec
855 977 963 1040 facere
994 981 1094 1060 atque
1127 974 1245 1053 dicere,
1270 975 1351 1060 quia
1373 994 1463 1059 prae-

300 1084 441 1150 sentiam
477 1104 587 1148 meam
621 1103 718 1166 aegre
749 1083 862 1148 ferunt
890 1088 1026 1168 propter
1051 1081 1140 1146 ,nihil
1168 1080 1260 1148 aliud
1284 1119 1326 1128 —
1354 1102 1464 1166 neque

303 1192 393 1256 enim
427 1191 492 1258 civi
525 1190 683 1275 cuiquam
722 1189 870 1268 insidior,
902 1210 1012 1274 neque
1035 1189 1212 1274 pecuniam
1247 1209 1465 1272 aquoquam

300 1297 436 1384 accipi0,
460 1319 571 1383 neque
594 1317 714 1382 agrum
737 1303 886 1363 vestrum
916 1295 1048 1362 tributis
1087 1296 1216 1361 onerari
1240 1295 1326 1375 volo,
1355 1316 1465 1380 neque

300 1407 336 1470 in
359 1406 430 1469 foro
454 1405 613 1489 cuiquam
630 1403 788 1470 molestus
805 1402 928 1481 videor,
946 1424 1023 1468 cum
1041 1425 1108 1468 non
1133 1403 1196 1468 sim
1219 1409 1339 1481 orator,
1355 1423 1466 1488 neque

301 1534 361 1598 pro
387 1533 560 1597 quoquam
584 1510 782 1589 verbalem,
807 1509 872 1574 nisi
896 1533 956 1595 pro
980 1531 1047 1574 uno
1071 1510 1207 1574 homine
1230 1509 1354 1576 infelici
1368 1560 1465 1574 .....

301 1640 411 1705 neque
435 1640 513 1685 vero
544 1617 644 1683 aliam
674 1638 827 1703 unquam
857 1617 1042 1683 orationem
1076 1616 1168 1702 apud
1195 1616 1322 1684 iudices
1351 1616 1466 1694 habui,

302 1726 391 1792 unde
408 1727 565 1792 effectum
581 1729 640 1803 cst,
657 1731 695 1789 ut
709 1725 837 1790 nemini
855 1725 922 1790 ulla
938 1724 978 1788 de
995 1745 1096 1790 causa
1110 1724 1270 1790 molestus
1285 1723 1406 1788 fuerim
1422 1761 1467 1770 —

302 1856 341 1900 ea
364 1833 404 1898 de
421 1853 522 1898 causa
539 1853 593 1898 me
609 1831 755 1910 laedunt,
780 1853 822 1896 ne
840 1870 881 1878 —-
898 1832 926 1896 si
942 1832 1078 1917 quando
1093 1831 1129 1896 in
1152 1831 1278 1917 priores
1302 1831 1469 1896 tumultus

302 1940 527 2015 reciderimus,
568 1937 669 2026 [quod
698 1939 740 2004 Di
773 1937 948 2026 avertantl,
981 1939 1105 2024 populo
1134 1944 1295 2024 patronus
1325 1938 1468 2002 existam

303 2069 388 2114 neve
406 2046 610 2112 denuntiatis
624 2066 825 2112 succurram.
840 2045 905 2111 Sed
918 2045 1017 2123 enim,
1032 2045 1092 2110 etsi
1100 2045 1212 2130 plures
1227 2051 1347 2123 essent,
1364 2065 1468 2130 quarn

304 2160 391 2230 sunt,
417 2153 574 2239 equidem
596 2174 666 2217 non
689 2152 824 2220 tacebo!

409 2259 599 2345 Singularia
621 2261 709 2325 facta
731 2260 908 2338 nescimus
941 2281 1026 2344 quae
1056 2260 1108 2324 his
1132 2259 1242 2326 verbis
1270 2280 1469 2324 commemo-

305 2375 432 2446 rantur,
457 2367 513 2432 sed
539 2367 621 2433 haec
644 2366 815 2434 videmus:
840 2367 998 2453 primum,
1014 2387 1090 2434 cum
1111 2367 1175 2432 Dio
1194 2366 1283 2432 dicat
1306 2368 1380 2436 τινα
1404 2365 1470 2430 sibi

304 2476 480 2540 inimicum
505 2496 576 2540 esse
602 2476 653 2558 [of.
678 2495 780 2559 supra
804 2476 977 2543 ἀδυνάτων
1006 2482 1038 2540 et
1062 2473 1159 2560 40,8l,
1184 2473 1252 2552 sed,
1277 2474 1338 2540 etsi
1354 2473 1468 2558 plures

305 2589 425 2661 essent,
451 2603 485 2648 se
508 2582 698 2648 locuturum
722 2602 803 2660 esse,
828 2581 974 2647 concinit
988 2582 1051 2646 hoc
1075 2588 1207 2648 etcum
1232 2582 1305 2660 43,l
1331 2581 1466 2659 etuas,

304 2690 428 2776 quibus
443 2689 524 2754 locis
548 2689 649 2754 simili
665 2687 764 2754 modo
788 2710 857 2754 non
876 2709 1039 2774 magnum
1056 2710 1126 2754 esse
1150 2710 1330 2754 numerum
1352 2688 1467 2754 adver-

304 2797 469 2862 sariorum
509 2795 572 2860 Dio
610 2795 780 2862 iudicavit.
828 2794 957 2872 Quodsi
989 2803 1102 2860 narrat
1140 2818 1174 2861 se
1212 2796 1315 2862 semel
1352 2801 1468 2867 contra

305 2925 434 2968 morem
457 2924 556 2968 suum
581 2901 615 2966 in
639 2901 763 2968 iudicio
786 2901 953 2968 infelicem
970 2901 1140 2987 quendam
1163 2903 1335 2968 hominem
1352 2909 1469 2968 contra

307 3010 448 3076 iniurias
471 3010 605 3075 illorum
626 3008 803 3074 defendere
827 3015 978 3074 coactum
998 3031 1078 3088 esse,
1096 3009 1280 3075 illustratur
1303 3031 1351 3092 e0,
1376 3009 1469 3095 quod

306 3123 405 3182 antea
437 3116 586 3202 exposui,
620 3116 662 3181 ab
697 3115 822 3180 eisdem
855 3117 954 3182 etiam
984 3123 1099 3182 contra
1130 3117 1277 3202 privatos
1311 3116 1466 3203 pugnari.

305 3223 414 3290 Simul
436 3223 546 3290 verbis
569 3223 680 3310 ὅμοιος
703 3230 769 3293 τῶν
785 3225 942 3315 πρότερον
957 3223 1083 3290 indicat
1098 3225 1162 3289 Dio
1185 3224 1295 3312 priore
1317 3231 1469 3310 tempore

305 3332 439 3398 illorum
465 3330 677 3396 insolentiam
701 3330 808 3416 magis
824 3337 1010 3415 grassatam
1033 3352 1103 3398 esse
1128 3332 1294 3418 [ef.40,11
1319 3339 1351 3398 et
1372 3333 1467 3412 48,4:

307 3447 352 3519 εἰς
376 3456 485 3526 χεῖρας
507 3435 607 3524 τυχὸν
629 3435 811 3514 ἐλεύσεσθε,
837 3437 857 3505 δ’
878 3449 988 3524 γέγονε
1020 3441 1177 3519 πολλάκις
1210 3437 1375 3532 πρότερον,
1409 3438 1470 3504 ubi

306 3545 460 3612 videmus
477 3545 519 3610 ad
536 3566 657 3610 manus
670 3545 769 3610 ctiam
785 3545 945 3612 factiones
962 3552 1124 3612 certantes
1141 3568 1239 3633 saepe
1255 3547 1468 3634 pervenisset

412 3671 456 3735 Et
489 3671 544 3736 hic
579 3671 659 3736 utile
682 3671 744 3736 erit
774 3691 814 3736 aa
841 3692 1111 3750 commemorare,
1147 3693 1233 3758 quae
1268 3673 1396 3740 Plinius
1427 3671 1471 3740 de

306 3777 506 3844 factionibus
530 3784 651 3856 narrat,
681 3777 804 3864 quibus
828 3785 908 3844 tunc
931 3778 1095 3864 plurimae
1119 3779 1295 3866 Bithyniae
1319 3779 1472 3848 civitates

307 3885 539 3966 laboraverint,
565 3906 668 3971 quam
692 3906 762 3950 rem
786 3885 850 3950 Dio
874 3885 1011 3971 quidam
1034 3885 1178 3954 breviter
1200 3893 1332 3954 tantum
1362 3888 1473 3974 tangit

309 3994 358 4080 [ci.
376 3992 472 4070 45,8:
497 3995 579 4080 μηδὲ
603 4000 683 4060 καθ’
709 3997 873 4084 ἑταιρείας
896 3991 1153 4076 πολιτεύεσθαι]1
1195 3995 1283 4060 Nam
1306 4016 1383 4060 cum
1406 3995 1471 4059 Pli-

308 4100 384 4164 nius
407 4099 443 4164 in
467 4098 610 4184 epistula
625 4099 667 4178 X,
692 4100 735 4163 42
758 4099 828 4187 (34)
853 4100 1032 4165 aTraiano
1049 4107 1149 4186 petat,
1174 4108 1212 4167 ut
1234 4101 1472 4167 fabrorum

308 4207 484 4290 collegium
508 4206 686 4271 hominum
712 4208 774 4272 150
797 4207 1011 4273 Nicomediae
1034 4208 1236 4288 instituatur,
1261 4209 1371 4277 addit:
1398 4231 1471 4296 ‚ego

311 4312 491 4391 attendam,
516 4314 666 4398 nequis,
691 4314 755 4378 nisi
779 4313 872 4379 faber
895 4314 1082 4400 recipiatur,
1107 4337 1191 4382 neve
1213 4317 1286 4381 iure
1314 4339 1472 4383 concesso

308 4421 343 4486 in
365 4419 455 4485 aliud
475 4426 600 4485 utatur.
648 4420 766 4506 Neque
790 4421 851 4486 erit
884 4421 1016 4487 difficile
1040 4423 1205 4489 custodire
1229 4431 1298 4489 tani
1322 4427 1469 4510 paucos'

309 4526 503 4612 Respondet
518 4548 597 4593 vero
613 4527 795 4594 Traianus:
824 4527 899 4608 ‚Sed
916 4530 1259 4597 meminerimus
1284 4533 1413 4618 provi
1426 4556 1471 4600 n·
