3234 5312
771 285 990 350 ..54-

405 490 547 561 ,etcum
571 483 660 550 cives
684 481 837 547 nonnulli
864 481 968 546 nostri
984 480 1074 566 lique
1098 480 1292 546 auctoritate
1308 478 1457 542 florentes

298 591 433 669 honore,
459 612 526 675 quo
550 589 597 654 illi
620 588 826 666 fruebantur,
852 589 1029 674 participes
1052 587 1131 653 tacti
1155 587 1240 652 sint‘

404 715 528 794 41,10:
565 726 621 784 καὶ
654 726 765 783 τοίνυν
799 718 926 793 πλείους
960 719 1026 781 τοῖν
1061 715 1192 781 ἐκεῖθεν
1229 725 1285 779 καὶ
1324 715 1455 784 πολίτας

299 832 483 910 πεποίησθε
506 831 562 889 καὶ
577 826 695 909 βουλῆς
711 823 916 906 μετεδώκατε
931 833 987 888 καὶ
1002 816 1162 911 ἄρχοντας
1179 823 1234 889 οὐκ
1251 819 1457 904 ἀπηξιώσατε

297 939 454 1013 γενέσθαι
477 937 553 1017 παρ’
578 931 658 1014 ὑμῖν
680 940 735 996 καὶ
766 933 833 997 τοῖν
862 934 988 1009 οεμνοῖν
1010 929 1141 1001 τούτων,
1167 927 1191 994 δῖ
1212 930 1269 1014 τῆς
1291 930 1458 1011 Ῥωμαίων

297 1038 365 1133 ἐστὶ
390 1037 522 1116 πόλεως,
547 1037 790 1125 ἐκοινωνήσατε.

406 1142 537 1217 ,Multos
569 1143 668 1207 etiam
692 1142 780 1206 illius
816 1141 958 1207 civitatis
994 1142 1083 1208 cives
1118 1148 1150 1206 et
1185 1140 1317 1207 civitate
1351 1144 1458 1205 vestra

298 1249 475 1314 ornavistis
511 1256 542 1314 et
575 1249 610 1314 in
648 1255 801 1314 senatum
836 1249 1005 1335 recepistis
1041 1255 1073 1314 et
1108 1270 1150 1313 ne
1185 1248 1227 1312 ab
1262 1247 1456 1312 archontum

298 1355 435 1441 quidem
451 1356 612 1442 dignitate
630 1378 685 1422 ecs
704 1356 890 1421 exclusistis
906 1364 939 1421 et
954 1362 1172 1441 augustarum
1189 1355 1322 1420 illarum
1338 1375 1447 1419 rerum

298 1484 384 1548 quae
408 1463 500 1528 urbis
524 1464 696 1528 Romanae
721 1469 808 1540 sunt,
833 1463 1010 1548 participes
1035 1462 1243 1528 reddidistis.'

406 1587 504 1664 Quod
539 1587 672 1653 civitate
696 1587 879 1672 Apameusi
904 1589 1084 1653 Prusenses
1115 1587 1329 1652 illustrissimi
1361 1585 1457 1651 dona-

297 1695 420 1759 bantur
443 1701 475 1760 et
498 1695 533 1758 in
557 1701 709 1760 senatum
739 1695 993 1780 recipiebantur,
1029 1696 1153 1759 mirum
1184 1716 1252 1759 non
1287 1700 1345 1772 est,
1382 1715 1458 1758 cum

299 1801 462 1867 eiusmodi
476 1802 618 1866 honores
636 1802 722 1866 inter
738 1801 888 1868 civitates
903 1802 1096 1887 Bithynicae
1106 1801 1304 1866 commutari
1317 1800 1459 1866 solerent

300 1906 348 1992 [ci.
374 1909 455 1983 38,1
481 1907 708 1995 (Nicomedia).
736 1910 817 1986 39,1
844 1908 1009 1995 (Nicaeall.
1058 1908 1156 1986 Quod
1180 1930 1259 1974 vero
1277 1909 1457 1973 Prusenses

296 2014 466 2080 interdurn
504 2017 673 2101 Apameae
712 2037 884 2081 summum
923 2017 1156 2101 magistratum
1195 2015 1389 2080 obtinebant
1428 2020 1459 2080 et

296 2123 546 2208 privilegiorum
571 2122 783 2208 quorundam
809 2126 915 2208 [quaa
941 2129 1053 2188 utrum
1078 2122 1120 2187 ad
1145 2145 1196 2188 res
1220 2122 1379 2208 publicae,
1414 2144 1457 2187 an

297 2229 340 2294 ad
364 2251 415 2294 res
439 2228 570 2294 divinas
593 2229 824 2314 pertinuerint,
848 2232 883 2294 in
908 2229 1009 2295 dubio
1033 2230 1207 2316 relinquol,
1231 2228 1354 2315 quibus
1373 2228 1458 2314 Apa·

296 2357 429 2401 menses
464 2342 501 2401 ut
536 2335 643 2401 coloni
678 2337 822 2415 Romani
863 2336 1069 2416 fruebantur,
1109 2336 1285 2422 participes
1324 2335 1457 2414 fiebant,

298 2442 425 2507 iudicat
448 2443 567 2508 artiore
591 2442 737 2528 quodam
770 2444 905 2510 vinculo
938 2445 1131 2509 coniunctas
1161 2444 1264 2509 luisse
1298 2443 1457 2508 civitates,

296 2549 399 2635 Atqui
435 2549 586 2635 Apamea
621 2557 658 2615 ut
693 2550 822 2617 colonia
850 2551 1004 2616 Romana
1038 2552 1106 2616 suis
1141 2550 1269 2636 legibus
1304 2549 1460 2615 utebatur

296 2678 405 2742 neque
430 2659 583 2744 διοικήσει
606 2657 740 2723 cuidam
763 2657 895 2724 addicta
911 2666 981 2724 erat
999 2659 1046 2745 [cl.
1065 2660 1184 2736 4022:
1211 2671 1266 2726 καὶ
1290 2661 1460 2726 πολιτείαν

296 2766 531 2853 ἐξαίρετον
555 2765 709 2850 ἐ’χοντας],
756 2765 899 2830 Prusam
933 2787 1011 2832 vero
1047 2765 1159 2851 paullo
1189 2772 1370 2850 antequam
1393 2763 1459 2828 Dio

297 2870 481 2935 orationem
504 2872 547 2936 lc
570 2870 689 2935 habuit
715 2871 765 2959 [cf.
791 2873 843 2950 40,
859 2874 900 2936 33
917 2870 1004 2957 νῦν]
1030 2873 1184 2958 propriae
1201 2870 1352 2960 διοικήσει
1367 2892 1459 2956 prae-

296 2977 437 3062 positam
479 2983 577 3042 antea
611 2979 783 3043 finitumae
822 2979 955 3044 cuidam
992 2979 1116 3045 civitati
1152 2979 1318 3044 subditam
1355 2978 1460 3043 luisse

297 3090 435 3148 constat.
484 3085 577 3160 Quae
602 3085 658 3150 illa
681 3086 790 3164 luerit,
815 3087 992 3166 nescimus,
1019 3087 1077 3152 sed
1100 3087 1233 3153 videtur
1249 3086 1332 3151 mihi
1349 3107 1460 3150 erasse

296 3189 414 3265 Faber,
440 3191 498 3276 qui
522 3191 680 3256 Nicaeam
705 3193 774 3259 sive
791 3193 1021 3259 Nicomediam
1038 3195 1243 3279 argumentis
1266 3215 1335 3258 nen
1350 3192 1460 3258 allatis

296 3297 488 3362 conieceratv
536 3298 659 3363 Contra
682 3321 722 3363 ex
745 3300 823 3364 locis
841 3323 940 3385 supra
956 3301 1223 3376 commemoratis
1239 3299 1461 3366 concluserim

296 3404 477 3468 Prusenses
501 3404 780 3470 administrationi
807 3414 904 3472 arrtea
920 3407 1068 3473 addictos
1084 3407 1186 3473 luisse
1203 3407 1460 3493 Apamensium,

297 3531 381 3596 quos
419 3510 625 3596 probabilius
660 3519 709 3577 est
744 3535 785 3578 ex
820 3515 953 3581 civitate
988 3515 1136 3600 ipserum
1178 3513 1462 3580 administrationi

297 3616 431 3682 subdita
454 3617 496 3681 ad
519 3618 662 3684 honores
692 3620 765 3685 illes
789 3621 967 3687 nobiliores
991 3623 1127 3707 elegisse
1155 3623 1252 3690 cives.
1300 3623 1343 3687 Et
1365 3643 1463 3687 nunc

297 3724 524 3809 intelligimus,
550 3747 618 3811 qua
641 3726 681 3792 de
706 3750 806 3794 eausa
829 3729 1008 3814 imperator
1024 3731 1197 3796 Romanus
1221 3753 1323 3798 avum
1339 3731 1463 3797 Dionis

296 3831 450 3896 Romana
473 3839 505 3896 et
528 3832 627 3897 simul
651 3833 897 3920 Apamensi
922 3837 1054 3902 civitate
1078 3837 1316 3904 condonaverit
1342 3839 1456 3925 [41,6].

296 3938 450 4024 Denique
459 3945 600 4004 extanta
609 3947 641 4004 et
653 3943 843 4007 commercii
854 3950 886 4008 et
895 3943 1192 4010 administrationis
1202 3945 1461 4024 necessitudine,

297 4067 399 4130 quarn
423 4045 525 4111 luisse
549 4045 696 4112 vidimus
719 4047 806 4114 inter
822 4051 1008 4136 Apameam
1033 4055 1064 4116 et
1080 4052 1221 4116 Prusam
1245 4074 1344 4118 causa
1368 4075 1463 4140 repe-

402 4405 492 4472 41,10.
532 4407 555 4457 1.
574 4404 690 4463 πολίτας.
709 4405 843 4464 πολιτείας
862 4407 893 4460 Β.
914 4407 952 4460 M.
982 4408 1058 4476 [mrg.
1078 4409 1170 4476 vulg.].
1208 4415 1233 4463 2.
1253 4416 1396 4476 πεποίησθε
1417 4413 1463 4472 Μ,

295 4488 452 4557 πεποιήκατε
469 4492 517 4549 rel.
