3234 5312
654 345 852 410 ..7-

279 540 443 606 Videmus
466 561 507 605 ex
529 540 582 605 his
605 540 715 606 verbis
737 541 805 606 iam
829 540 958 606 dudum
974 539 1155 606 Prusenses
1170 540 1331 606 libertatis

173 647 312 733 cupidos
335 647 437 713 fnisse
461 654 493 712 et
516 669 587 712 rem
610 647 677 712 iam
701 648 756 715 avi
779 648 897 713 Dionis
931 653 1037 714 aetate
1074 669 1112 713 eo
1136 647 1330 733 perductam

175 754 288 833 luisse,
312 761 350 819 ut
371 754 426 819 ille
460 753 607 819 amicitia
640 755 743 820 fretus
777 755 1011 840 imperatorem
1035 753 1075 820 de
1099 775 1138 819 ea
1160 775 1195 819 re
1217 752 1332 833 adiret,

173 861 231 927 sed
247 883 305 946 spe
329 860 483 947 deceptos
499 881 570 926 esse
587 860 777 940 Prusenses,
803 883 881 927 cum
903 861 951 926 illi
968 883 1037 926 non
1052 861 1163 926 liceret
1186 860 1333 926 amicitia

172 968 381 1054 imperatoris
405 969 463 1046 uti,
487 967 641 1035 videlicet
663 974 722 1033 aut
751 973 886 1054 propter
907 968 1013 1054 ipsius
1036 974 1095 1034 aut
1116 972 1251 1053 propter
1273 968 1333 1032 im-

172 1075 333 1161 peratoris
367 1083 517 1141 mortem.
565 1076 683 1160 Neque
717 1097 796 1142 vero
825 1075 889 1141 Dio
922 1063 1051 1143 ciuibus
1086 1097 1180 1161 spem
1214 1074 1333 1160 adipis·

172 1182 296 1248 cendae
312 1182 471 1248 libertatis
494 1181 621 1260 adimit,
647 1203 715 1268 qua
730 1188 865 1269 propter
880 1183 1038 1249 virtutem
1054 1188 1087 1248 et
1102 1181 1332 1248 strenuitatem

172 1289 298 1356 civium
321 1288 415 1374 digni
438 1296 554 1356 essent.

278 1396 385 1474 44‚10.
433 1395 465 1482 2)
488 1408 545 1464 καὶ
568 1398 627 1464 τὸν
650 1398 753 1484 δῆμον
775 1399 863 1481 ύμᾶς
887 1399 979 1476 ἀξιοῖ,
1006 1395 1032 1461 α’
1056 1403 1116 1479 μὲν
1149 1394 1216 1464 ἔστι
1238 1391 1332 1486 παρολ

172 1509 239 1573 τῶν
273 1505 484 1594 κρατούντων,
520 1510 627 1573 ταῦτα
663 1503 808 1583 ἐλπίζειν
839 1507 880 1584 οἷς
914 1505 1053 1590 ἐσόμενα
1089 1514 1145 1570 καὶ
1177 1502 1334 1588 εὔχεσθαι

172 1619 367 1698 συμβαίνειν
389 1609 464 1677 τινα
488 1612 585 1697 τιμήν
607 1607 629 1698 ἢ
652 1609 755 1688 δόξαν
777 1610 800 1698 ᾔ
823 1613 979 1701 εύπορίαν
1000 1612 1180 1697 χρημάτων.

278 1718 329 1782 Νε
352 1717 434 1782 haec
468 1716 606 1802 quidem
640 1717 859 1804 explicatione
894 1723 1007 1802 egent:
1045 1717 1162 1802 repetit
1184 1716 1248 1782 Dio
1284 1737 1332 1794 ea,

174 1847 261 1911 qnae
285 1845 387 1911 supra
412 1827 458 1907 [οὐ
482 1826 532 1892 δεῖ
552 1827 589 1892 δὲ
612 1827 816 1907 ἀπελπίζειν]
850 1824 1003 1910 exposuit
1026 1824 1114 1891 cives
1137 1823 1333 1902 admonens,

173 1938 211 1998 ut
234 1931 330 1997 bonis
354 1931 475 1996 animis
499 1931 566 1996 sint
589 1937 622 1996 et
654 1931 863 2018 imperatoris
899 1930 1096 2017 benignitati
1131 1929 1335 1996 confidentes

175 2039 208 2125 [οἳ
230 2046 292 2126 μὲν
316 2039 384 2106 ἔστι
408 2035 501 2129 παρολ
526 2038 592 2106 τῶν
625 2040 925 2124 κρατούντων,
959 2046 1065 2108 ταῦτα
1089 2039 1243 2120 ἐλπίζειν]
1266 2059 1335 2123 spe-

175 2151 250 2212 rent
273 2146 352 2224 lore,
379 2151 417 2210 ut
439 2165 478 2210 ea
501 2144 599 2224 bona,
624 2167 710 2230 qnae
734 2167 777 2211 ex
800 2167 955 2211 concessa
990 2144 1139 2210 libertate
1174 2145 1333 2223 oriantur,

171 2253 212 2318 iis
246 2252 449 2338 contingant.
510 2252 660 2337 Utroque
703 2252 804 2337 igitur
842 2253 914 2318 loco
949 2252 1054 2337 liquet
1089 2251 1231 2318 Dionem
1266 2273 1335 2317 non

171 2358 272 2425 modo
295 2381 363 2425 non
389 2358 618 2425 adversarium
640 2359 801 2425 libertatis
832 2381 912 2439 esse,
937 2358 994 2426 sed
1019 2358 1060 2424 ad
1096 2357 1334 2446 acquirendam

170 2467 262 2532 illam
286 2465 338 2532 vel
361 2465 530 2531 adhortari
553 2466 652 2532 cives.

277 2572 384 2646 4421.
413 2573 461 2636 12.
520 2573 556 2659 3)
587 2581 692 2642 ταῦτα
726 2575 790 2663 yolo
824 2572 911 2656 ύμοῖς
946 2573 1201 2661 ἐπιτηδεύοντας
1234 2577 1335 2640 πλέον

173 2674 284 2767 ύνήσει
320 2692 375 2748 καὶ
410 2685 466 2747 τού
502 2677 650 2767 πλήθους
673 2687 741 2750 τοῖν
775 2684 960 2756 βουλευτῶν
994 2691 1051 2747 καὶ
1074 2681 1132 2750 τού
1154 2686 1233 2771 παρ’
1257 2683 1334 2766 ύμῖν

172 2789 213 2856 τοὶ
230 2788 412 2878 πράγματα
429 2782 575 2871 ἄγεσθαι
592 2799 648 2854 καὶ
665 2795 723 2856 τού
739 2783 902 2872 πρύσούύν
916 2814 990 2855 τινα
1014 2785 1188 2878 χρημάτων
1203 2788 1333 2866 ἔξωθεν

172 2890 419 2985 ύμίνύπύρξαι
442 2901 577 2980 καὶτῆς
607 2893 797 2984 ἐλευθερίας
829 2893 938 2981 αὐτῆς,
967 2896 1029 2964 dclv
1052 2895 1118 2984 ἄρα
1142 2907 1196 2962 καὶ
1220 2895 1335 2962 τούτου

171 2999 289 3088 τύχητέ
297 3027 386 3068 ποτε.
414 3001 462 3066 12.
477 2993 514 3070 εύ
535 3001 599 3090 γαρ
621 3007 697 3080 ἴστε,
722 3001 772 3068 ’ὅτι
795 2999 855 3087 τήν
876 3009 939 3087 μὲν
954 3007 1127 3089 λεγομένην
1142 3002 1335 3090 ἐλευθερίαν

172 3117 229 3176 καὶ
252 3109 288 3176 τύ
312 3107 418 3194 ὄνομα
442 3108 546 3187 τοῦθ,’
572 3106 696 3200 ύπυροέ
721 3108 786 3177 τοῖν
821 3106 1024 3199 κρατούντων
1057 3118 1114 3177 καὶ
1147 3108 1335 3194 δυναμένων

171 3229 324 3301 γίγνεται,
350 3216 452 3282 ἐνίοτε
475 3218 512 3284 ού
537 3217 676 3284 δυνατὸν
698 3217 894 3303 κτήσασθαι.

280 3322 377 3401 ,Nam
405 3343 446 3386 ex
481 3321 533 3386 his
566 3321 665 3386 rebus
701 3343 781 3387 cura
814 3321 965 3389 adhibita
998 3322 1125 3388 maiora
1159 3322 1335 3388 commoda

172 3429 341 3515 colligetis,
366 3450 469 3514 quam
493 3450 534 3494 ex
558 3435 750 3494 senatorum
772 3428 1006 3507 multidudina
1031 3429 1174 3515 propriis
1189 3429 1331 3508 iudiciis,

172 3536 392 3622 pecuniarum
415 3535 562 3621 quadam
597 3536 694 3622 copia
724 3537 1120 3612 extrinsecusafflnente,
1144 3537 1217 3622 ipsa
1240 3537 1332 3602 liber-

172 3649 248 3718 tate,
273 3641 301 3706 si
324 3641 460 3727 quando
476 3649 508 3707 et
523 3643 610 3708 hanc
633 3642 874 3728 adipiscemini.
921 3643 1037 3728 Neque
1061 3643 1151 3709 enim
1174 3643 1333 3728 ignoratis

172 3749 369 3826 libertatem,
394 3770 480 3835 quae
498 3748 627 3827 dicitur,
651 3771 842 3835 nomenque
859 3749 951 3828 illud,
976 3749 1105 3835 quoda
1127 3749 1333 3836 principibus

173 3855 433 3943 petentibusque
457 3855 658 3935 conceditur,
682 3856 850 3922 interdum
874 3857 1045 3943 impetrari
1068 3879 1136 3922 non
1159 3857 1275 3942 posse!

278 3962 390 4027 Etiam
418 3963 481 4028 hoc
504 3962 584 4031 loce.
623 3964 716 4029 utin
750 3962 917 4049 prioribus
952 3964 1062 4049 agitur
1097 3964 1137 4030 de
1172 3963 1333 4030 libertate.

172 4070 239 4136 Sed
262 4091 340 4136 cum
362 4070 410 4135 illi
434 4070 469 4134 in
499 4070 696 4138 universum
720 4070 799 4136 dicti
834 4077 922 4150 sunt,
959 4071 1013 4137 hic
1046 4070 1207 4137 libertatis
1241 4071 1332 4137 notio

279 4376 365 4442 44‚11.
403 4377 427 4427 2.
447 4369 543 4437 ὀνήσει.
554 4369 629 4437 νύσει
646 4371 686 4426 M.
711 4375 735 4429 4.
755 4369 834 4437 αύιῆς
853 4388 902 4426 om.
922 4370 953 4426 F.
968 4401 1000 4410 —
1019 4368 1116 4425 τούτου.
1136 4368 1166 4423 τύ
1184 4369 1278 4424 τούτου
1291 4372 1331 4428 Μ.

173 4462 325 4522 lantone·
345 4459 367 4532 ὅ,
387 4467 461 4514 τοῦτο
471 4462 510 4516 Μ.
531 4466 556 4515 3.
575 4468 704 4530 γίγνεται,
734 4463 814 4514 ἐνίοτε
839 4460 946 4530 Pflugk.
967 4461 1050 4515 ἐνίοτε
1068 4469 1190 4530 γίγνεται
1208 4459 1279 4514 libri.
1299 4491 1331 4500 -

172 4549 331 4618 κτήσασθαι.
349 4555 490 4603 κτίσασθαι
509 4550 549 4604 Μ.
