3234 5312
634 279 763 388 ..¹11
811 359 852 374 ..,

164 518 357 603 οἷναγκαίοις
381 519 456 587 οὔτε
486 520 647 604 μεγάλοις,
681 528 738 585 καῖ
765 522 867 587 ταῦτα
899 519 1032 604 α’ῶήλοις
1063 519 1110 584 ἔτι
1139 530 1195 584 καὶ
1224 520 1328 606 μηδὲν

167 628 293 712 ἔχοντες
316 629 463 706 βέβαιον.
482 626 551 694 ἀλλ’
572 629 662 712 οἶμαι
678 627 825 711 χαλεπόν
840 632 902 709 μὲν
917 619 958 711 ἦν
982 625 1161 706 αὐτοῖςκαὶ
1177 621 1329 694 ὅπωσοῶν

169 731 349 820 γενόμενόν
373 763 403 800 τι
427 735 555 802 τούτων.
581 735 618 802 οὐ
642 734 708 820 μήν
730 735 846 819 ὁμοίως
869 734 981 802 ἐλύπει
1005 734 1041 800 τό
1066 734 1124 800 τὸν
1148 735 1239 800 δεῖνα
1273 739 1329 799 καὶ

164 840 222 909 τόν
246 843 338 908 δεῖνα
363 849 429 909 τῶν
452 838 620 926 ἡγεμόνων
645 836 803 909 εἶναιτῶν
819 842 1003 926 ποιήσαντα
1029 852 1085 908 καὶ
1101 837 1327 930 παρασχόντα,

163 945 207 1036 μή
233 953 300 1015 τῶν
315 947 478 1038 ἡμετέρων
502 949 576 1014 τινα
594 951 745 1015 πολιτῶν.
765 946 812 1014 ἔτι
836 950 874 1015 δὲ
889 949 981 1026 ἐλπὶς
997 945 1094 1046 ὑπῄει
1118 958 1175 1014 καὶ
1192 948 1328 1029 ἔθελγεν

166 1051 292 1137 adrat,
317 1051 359 1134 ῶς
376 1057 530 1123 οὐδέποτε
543 1054 587 1122 ἄν
601 1066 792 1141 γενομένων.
839 1057 869 1120 6.
894 1067 999 1122 καίτοι
1014 1067 1071 1122 καῖ
1086 1062 1179 1122 τοῦτο
1204 1047 1329 1141 ῶκήκοα

165 1166 295 1231 πολλῶν
325 1162 387 1246 lyei
412 1163 580 1246 λεγόντων,
612 1165 654 1240 ῶς
687 1159 843 1252 πρότερον
867 1155 1134 1253 α’ντιγροὶψαντος
1167 1173 1242 1251 περὶ
1273 1170 1329 1249 τῆς

167 1271 350 1356 διοικήσεως
361 1276 428 1336 τῶν
440 1265 608 1357 ἡγεμόνων
620 1267 706 1347 τινός
719 1280 776 1336 καὶ
788 1276 845 1337 τοῦ
856 1266 1049 1358 πράγματος
1066 1271 1329 1355 ἀποτευχθέντος

164 1379 278 1444 πολλοὶ
300 1379 481 1460 κατεγέλων
499 1382 555 1461 τῆς
578 1377 711 1456 πόλεως,
730 1375 769 1445 ori
793 1381 862 1445 τῶν
878 1377 1115 1459 ἀστυγειτόνων
1133 1396 1138 1408 ’
1154 1370 1251 1462 ἧττον
1265 1377 1329 1466 γοὶρ

164 1479 208 1549 ῶν
230 1477 271 1570 ἤν
293 1491 386 1552 τοῦτο
410 1486 527 1551 δεινόν.
555 1476 641 1550 oillei
665 1487 733 1550 τῶν
761 1486 913 1558 πολιτῶν,
944 1482 987 1563 ῶς
1009 1481 1170 1570 μειζόνων
1196 1483 1218 1568 ἢ
1246 1489 1328 1550 καθ’

165 1586 272 1680 adesir
294 1592 462 1677 ἐφιεμένης
487 1642 539 1654 ..,
559 1643 564 1654 .

272 1715 382 1801 Atque
405 1716 525 1781 misere
548 1721 704 1801 corrupta
727 1736 798 1780 esse
822 1716 866 1801 ἓξ
889 1716 979 1780 4-6
1004 1719 1096 1800 patet
1118 1715 1173 1793 ita,
1202 1722 1240 1779 ut
1263 1721 1329 1780 tex-

165 1831 239 1888 tum
263 1844 372 1908 neque
395 1823 538 1888 audeam
561 1823 761 1888 constituere
789 1843 899 1907 neque
931 1844 992 1907 par
1022 1823 1065 1887 sit
1094 1828 1171 1887 ante
1195 1843 1327 1900 novam,

166 1952 271 2016 quam
296 1936 537 2013 exspectamus,
562 1929 750 1996 editionem.
791 1931 841 1995 De
865 1949 965 1996 sensu
989 1935 1111 2007 tamen,
1137 1950 1223 2014 quae
1246 1929 1329 1994 mihi

165 2037 344 2104 videantur
367 2043 527 2116 constare,
552 2058 727 2122 exponam.

271 2144 423 2209 Primum
439 2166 572 2209 omnem
585 2144 673 2208 hanc
690 2143 931 2230 expositionem
949 2150 1076 2209 certum
1092 2149 1142 2208 est
1158 2143 1198 2208 de
1212 2143 1329 2208 eodem

165 2258 363 2337 argumento
387 2273 484 2337 agere
512 2257 612 2336 atque
650 2251 786 2337 §leq
835 2251 922 2316 Nam
952 2250 1055 2317 verba
1084 2248 1209 2318 τούτων
1232 2247 1329 2330 ὅπως·

167 2361 291 2445 δήποτε
314 2359 360 2424 ita
383 2364 579 2443 sequentem
603 2358 643 2423 de
660 2365 778 2423 senatu
794 2357 1053 2443 disputationem
1070 2379 1147 2423 oum
1163 2357 1329 2442 prioribus

164 2466 384 2551 coniungunt,
411 2472 447 2530 ut
462 2465 658 2531 concludere
674 2487 807 2531 necesse
824 2466 867 2530 sit
889 2465 989 2530 etiam
1013 2466 1057 2551 ἓξ
1072 2465 1159 2530 4-6
1189 2465 1258 2530 sive
1288 2464 1328 2530 de

166 2575 285 2638 senatu
309 2571 413 2638 dictas
438 2594 508 2638 esse
532 2573 601 2638 sive
625 2572 666 2637 de
691 2572 856 2638 universis
873 2571 1066 2657 privilegiis,
1091 2592 1235 2657 quorum
1252 2593 1328 2656 pars

165 2679 267 2745 fuerit
291 2686 434 2745 senatus.

276 2804 387 2870 Verba
399 2810 512 2870 autem
524 2807 948 2894 ἐξηπάτησθε-ὑπέσχετο
958 2803 1115 2870 videntur
1126 2803 1327 2888 significare:

166 2911 294 2998 decepti
311 2912 389 2977 estis
413 2934 432 2977 a
449 2911 651 2997 quibusdam
675 2910 926 2997 magistratibus
943 2933 1031 2977 vana
1047 2910 1326 2998 promittentibus.

167 3019 286 3104 Neque
310 3019 490 3105 quisquam
514 3019 664 3104 privatus
688 3019 767 3083 talia
782 3024 840 3083 aut
856 3019 1069 3104 exspectavit,
1093 3024 1151 3083 aut
1166 3017 1327 3103 promisit.

167 3126 256 3191 Nam
279 3148 455 3212 perperam
479 3126 656 3212 Emperius
680 3147 778 3192 voces
801 3124 968 3214 ἡγεμόνων
998 3132 1031 3190 et
1057 3128 1196 3193 ἰδιωτῶν
1217 3125 1328 3190 locum

165 3239 295 3298 mutare
319 3234 424 3312 iussit,
442 3254 528 3318 quae
545 3233 709 3320 optimum
734 3255 870 3298 sensum
893 3232 1062 3319 praebent,
1088 3254 1164 3298 cum
1189 3232 1327 3318 privatis

167 3340 267 3405 etiam
293 3341 356 3405 Dio
381 3339 655 3405 adnumerandus
680 3341 731 3419 sit,
757 3340 817 3426 qui
839 3340 918 3405 talia
940 3361 1050 3425 neque
1081 3345 1329 3425 exspectaverat

166 3468 276 3533 neque
288 3447 494 3533 promiserat.
521 3448 563 3512 Et
578 3453 773 3514 cunctanter
784 3447 825 3512 de
842 3447 958 3512 eadem
972 3469 1007 3512 re
1020 3448 1173 3525 44,11.12
1189 3446 1326 3511 dixerat.

275 3555 480 3620 Exstiterant
513 3555 615 3640 igitur
649 3553 813 3643 ἡγεμόνες,
846 3555 1060 3640 magistratus
1095 3554 1239 3619 Romani
1275 3551 1325 3641 [cl.

166 3669 250 3747 part.
276 3663 325 3746 El,
362 3663 421 3748 qui
445 3662 666 3728 Prusensibus
690 3662 864 3747 privilegia
895 3661 1061 3748 quaedam
1086 3662 1325 3747 promitterent.

166 3771 283 3855 Neque
307 3791 385 3836 vero
405 3809 443 3818 -
461 3791 502 3834 ne
516 3770 579 3834 Dio
603 3769 739 3855 quidem
756 3769 819 3834 hoc
842 3790 963 3854 negare
987 3775 1116 3854 poterat
1134 3807 1172 3816 --
1190 3769 1328 3853 polliciti

166 3878 275 3943 solum
300 3883 387 3956 sunt,
413 3877 471 3942 sed
493 3877 606 3962 aliqua
629 3883 715 3942 certe
738 3882 906 3941 assecutos
930 3876 1029 3941 etiam
1054 3897 1124 3942 esse
1147 3877 1327 3941 Prusenses

165 4007 225 4068 per
248 3985 320 4050 illos
344 3985 408 4050 Dio
431 3986 561 4050 latetur.
598 3985 692 4048 Patet
714 3984 777 4049 hoc
802 4005 843 4048 ex
855 3983 965 4049 verbis
987 3981 1046 4052 τόν
1062 3986 1154 4052 δεῖνα
1180 4005 1227 4068 sq.
1262 3983 1328 4048 Sed

164 4093 297 4158 minora
313 4098 415 4170 erant,
433 4113 536 4176 quam
552 4113 612 4178 par
635 4098 720 4156 erat:
745 4097 887 4181 σμικρῶν
899 4130 940 4138 --
953 4085 1026 4160 οὔτε
1048 4094 1240 4174 ἀναγκαίοις
1256 4090 1328 4160 οὔτε

163 4202 326 4288 μεγαλοις,
344 4221 454 4284 neque
470 4198 571 4263 tantis
588 4198 805 4263 Prusensium
821 4197 1068 4263 adulationibus
1084 4197 1186 4283 digna
1212 4198 1327 4281 [ἀπαν-

164 4309 281 4388 τῶντες
292 4345 335 4354 —
347 4305 609 4396 θεραπεύοντεςλ.

272 4413 398 4480 Iterum
412 4412 593 4478 dicendum
610 4419 658 4478 est
674 4412 847 4490 rationem,
864 4412 918 4476 oui
934 4433 1038 4497 parva
1053 4412 1136 4478 haec
1152 4413 1328 4478 commoda

166 4521 383 4599 debebantur,
408 4520 580 4606 displicere
604 4520 715 4598 Dioni,
740 4542 808 4586 non
840 4541 910 4584 rem
933 4520 1051 4606 ipsam.
1099 4519 1187 4584 Nam
1210 4519 1326 4586 acerbe
