3234 5312
636 357 833 424 -9-

264 555 360 633 ‚Nam
384 576 470 640 quae
494 576 585 620 nunc
616 555 727 640 adepti
763 577 889 634 sumus,
925 555 993 620 iam
1027 560 1107 619 tunc
1139 555 1316 638 impetrare

160 660 255 726 nobis
279 662 398 728 licebat
421 669 454 727 et
476 663 539 728 hoc
562 662 699 748 quidem
735 664 844 756 fausto
879 669 1027 748 tempore
1062 662 1104 726 ad
1130 661 1195 726 alia
1218 661 1315 747 privi-

157 768 242 854 legia
264 771 500 855 consequenda
523 771 590 834 uti.’

261 895 378 981 ltaque
411 917 457 960 eo
490 893 589 980 ipso
622 901 840 980 tempore,
874 917 941 981 quo
964 895 1028 960 Dio
1051 895 1236 960 orationem
1260 895 1314 958 ha-

157 1000 238 1078 buit,
264 1001 437 1087 privilegia
459 1001 621 1067 nonnulla
643 1002 865 1068 Prusensibus
881 1002 923 1067 ab
947 1003 1145 1088 imperatore
1161 1023 1317 1067 concessa

158 1115 259 1186 erant,
299 1131 376 1174 cum
418 1116 530 1173 tamen
573 1109 637 1174 alia
677 1109 1071 1174 desiderarentur.
1141 1109 1317 1185 Quaenam

157 1221 268 1280 autem
302 1216 426 1280 fuerint
459 1216 633 1301 privilegia
667 1216 732 1294 illa,
770 1216 834 1281 Dio
869 1238 938 1281 non
961 1215 1063 1282 addit.
1121 1215 1317 1281 Rectissime

157 1329 303 1388 ceterum
327 1329 364 1387 ut
387 1323 514 1407 opinor,
532 1322 688 1388 Reiskius
712 1322 754 1388 ad
778 1323 880 1389 verba
902 1328 949 1416 ιηῖ
973 1322 1112 1414 παρόντι
1136 1331 1240 1416 καιρῷ
1263 1323 1316 1387 ad-

157 1436 250 1495 notat
284 1452 361 1515 ,quo
385 1430 549 1495 Traianus
579 1431 625 1494 ita
653 1431 853 1497 benevolum
884 1453 918 1496 se
942 1453 1020 1517 erga
1044 1432 1184 1495 Prusam
1211 1431 1318 1495 muni-

157 1537 323 1623 ficumque
356 1537 537 1622 praestitit!
592 1539 679 1602 Nam
719 1537 829 1604 verbis
862 1541 933 1606 ἐπεὶ
965 1533 1054 1608 δὀὗν
1075 1539 1200 1630 ὑπῆρξε
1223 1540 1316 1626 παρα

157 1647 270 1713 τούτου
305 1667 353 1730 sq.
401 1645 465 1709 Dio
500 1644 543 1710 ad
567 1645 750 1712 Traianum
784 1647 969 1711 orationem
1004 1645 1170 1724 deflectit;
1207 1667 1317 1731 neque

157 1751 246 1816 euim
269 1752 425 1830 Nervam,
459 1751 516 1817 sed
540 1752 722 1817 Traianum
758 1753 955 1839 pronomine
990 1755 1105 1822 τούτου
1140 1753 1318 1838 significari

156 1879 252 1944 posse
286 1859 353 1924 iam
378 1857 533 1924 Reiskius
568 1859 816 1926 demonstravit.
864 1860 935 1925 Iam
966 1860 1039 1939 Dio,
1075 1867 1254 1945 postquam
1278 1860 1318 1924 de

156 1965 308 2042 amicitia,
335 1987 402 2052 qua
424 1987 502 2031 cum
526 1966 669 2031 Traiano
692 1967 890 2033 coniunctus
916 1973 994 2045 erat,
1022 1968 1152 2033 locutus
1176 1967 1260 2031 dixit
1283 1989 1317 2032 se

156 2073 380 2138 familiaritate
403 2073 459 2138 illa
482 2095 550 2138 non
574 2073 616 2138 ad
641 2095 701 2138 sua
724 2074 900 2139 commoda
923 2074 1079 2160 augenda
1102 2095 1201 2140 usum
1237 2095 1317 2152 esse,

156 2180 284 2266 pergit:
1173 2200 1175 2204 ⁴

265 2305 351 2383 453.
376 2305 406 2370 4.
454 2307 487 2389 2)
510 2309 581 2373 a’tr
607 2306 712 2384 ἅπαν,
738 2305 816 2374 ὅσον
838 2304 911 2373 τότε
934 2301 985 2393 ἤν,
1009 2314 1054 2386 εἰς
1077 2302 1165 2392 ὑμᾶς
1190 2307 1316 2400 ἔτρεψα

158 2423 214 2479 καὶ
238 2414 341 2495 μόνον
364 2414 451 2480 εἶδον
474 2412 509 2480 cd
534 2413 590 2501 τῆς
614 2412 747 2488 πόλεως,
780 2414 809 2478 4.
828 2418 932 2482 ταῦτα
965 2416 1001 2481 δὲ
1026 2421 1057 2480 εἰ
1076 2426 1137 2498 μέν
1160 2415 1227 2482 ἔστι
1249 2413 1319 2504 χρή-

158 2541 236 2604 σιμοι
261 2531 317 2586 καὶ
339 2522 467 2606 μεγάλα
494 2571 633 2585 .....
658 2525 694 2589 οὐ
719 2523 798 2604 λέγω
824 2570 830 2585 .
858 2574 864 2585 .
892 2573 897 2585 .

263 2625 336 2704 ‚Sed
361 2626 527 2712 quidquid
551 2633 623 2692 tum
647 2627 774 2706 licebat,
810 2629 846 2693 in
880 2650 939 2693 vos
974 2627 1098 2692 contuli
1135 2627 1318 2713 [111166666-

157 2732 258 2818 sione]
284 2738 316 2798 et
338 2733 480 2799 civitatis
504 2734 611 2799 solum
635 2735 849 2800 commodum
883 2735 1022 2819 respexi.
1080 2735 1317 2814 Η66661116111,

158 2860 244 2925 quae
268 2839 454 2925 impetravi,
479 2863 562 2906 num
586 2842 680 2906 utilia
703 2847 735 2907 et
751 2863 875 2928 magna
898 2842 964 2906 sint
990 2893 1129 2907 .....
1154 2863 1318 2928 exponere

157 2946 234 3011 nolo
258 3000 264 3010 .
292 2997 297 3010 .
325 2999 331 3012 .
358 2948 374 3010 .'

263 3071 314 3136 Ex
339 3094 405 3158 quo
429 3073 512 3137 nihil
536 3074 615 3138 certi
639 3074 871 3159 comperimus,
898 3074 1104 3140 Gravissima
1126 3073 1217 3138 6111111
1240 3073 1320 3138 dicit

158 3179 222 3242 Dio
241 3200 275 3244 se
287 3179 509 3245 Prusensibus
526 3180 686 3246 beneficia
699 3179 848 3246 Caesaris
860 3183 1064 3267 impetrasse.
1082 3181 1140 3246 sed
1152 3202 1319 3265 quaenam

158 3285 291 3363 fuerint,
315 3286 478 3351 incertum
504 3293 560 3352 est.
609 3287 653 3352 At
676 3310 766 3353 nunc
790 3288 937 3373 primum
960 3287 1108 3354 tractabo
1131 3286 1246 3354 verba:

264 3411 348 3489 45,7.
386 3410 417 3499 3)
441 3415 561 3481 τούτων
584 3411 798 3502 ὁπωσδήποτε
815 3418 1006 3502 ληφθέντων
1023 3427 1078 3482 καὶ
1095 3421 1320 3501 κομισθέντων

158 3517 309 3586 ἐνταῦθα
334 3537 489 3594 σκοπεῖτε,
514 3527 548 3587 εἴ
566 3549 610 3611 τῳ
633 3521 739 3610 stupriq
761 3533 877 3606 γέγονα
900 3522 967 3589 τῶν
990 3525 1134 3590 πολιτῶν
1160 3571 1166 3584 .
1192 3574 1199 3588 .
1227 3573 1232 3585 .

269 3677 276 3704 ,
303 3675 309 3687 .
335 3677 341 3689 .
369 3677 375 3690 .
400 3625 490 3691 hisce
514 3627 682 3712 quomodo
706 3649 851 3714 cumque
874 3629 1017 3713 acceptis
1041 3635 1073 3693 et
1096 3627 1229 3712 perlatis
1251 3627 1320 3691 iam

158 3731 373 3810 considerate,
400 3755 483 3798 num
507 3735 561 3800 cui
585 3735 649 3801 civi
673 3735 784 3819 gravis
808 3736 949 3801 fuerim!

157 3933 474 3942 ——————-··-—-—-—

267 4039 343 4106 46,3.
374 4041 396 4092 1.
416 4034 472 4088 ἄλλ’
483 4035 565 4094 ἅπαν.
580 4037 619 4094 Μ,
633 4035 700 4089 otta
720 4043 776 4089 πᾶν
789 4039 836 4092 rel.
863 4035 960 4090 -ὅσον
978 4036 1033 4090 τότε
1052 4053 1073 4090 r.
1093 4033 1155 4088 ὅσον
1173 4037 1236 4089 ποτὲ
1248 4035 1319 4090 libri.

158 4130 184 4182 4.
207 4130 229 4179 1.
252 4128 276 4178 εἰ
288 4131 338 4180 μέν
357 4143 395 4193 sq.
415 4125 544 4182 Reiskius
563 4126 693 4180 excidisse
712 4127 842 4194 quaedam
856 4127 990 4195 opinatur,
1012 4127 1046 4184 cf.
1060 4125 1181 4193 Emperii
1200 4126 1319 4180 observa·

157 4215 247 4270 tiones
265 4232 309 4282 pg.
329 4219 371 4272 53.

267 4309 310 4374 45,
323 4307 346 4359 7.
377 4311 400 4362 1.
425 4306 583 4376 ληφθέντων
602 4307 646 4358 καὶ
680 4311 866 4377 κομισθέντων
884 4306 1004 4358 ἐνταῦθα
1023 4307 1139 4357 σκοπεῖτε
1169 4304 1319 4371 Emperius.

158 4396 322 4463 ληφθέντων
341 4395 458 4447 ἐνταῦθα
477 4400 591 4448 σκοπεῖτε
611 4397 654 4448 καὶ
673 4400 857 4466 κομισθέντων
875 4394 914 4448 M.
935 4396 1102 4464 λειφθέντων
1120 4394 1239 4446 ἐνταῦθα
1265 4412 1321 4446 σκο-

158 4488 230 4537 πεῖτε
250 4485 293 4536 κατ’
312 4490 498 4552 κομισθέντων
522 4485 554 4539 Β.
581 4502 606 4539 v.
626 4484 718 4552 [editio
738 4485 860 4552 Veneta}
878 4501 911 4538 m.
938 4485 1106 4553 λειφθέντων
1131 4485 1252 4536 ἐνταῖθα
1277 4486 1320 4535 κατ’

159 4578 347 4644 νομισθέντων
365 4578 482 4628 σκοπεῖτε
500 4591 521 4629 r.
541 4575 699 4644 ληφθέντων
718 4573 885 4642 Pflugkius.
