3234 5312
653 301 871 366 ..29-

198 500 214 511 ”
289 499 406 583 Itaqus
423 519 490 562 non
508 497 549 562 de
565 498 773 582 synoecismo
786 504 921 564 acturus
938 503 987 562 est
1002 497 1076 575 Dio,
1094 497 1151 562 sed
1167 496 1208 562 da
1232 496 1349 574 eadem

180 627 224 685 re,
262 605 302 670 de
338 627 406 692 qua
439 605 476 668 in
510 604 715 670 orationibus
746 606 789 670 40
825 612 856 670 et
879 606 922 670 45
958 605 1120 690 exposuit,
1158 604 1282 670 scilicet
1306 604 1347 670 de

180 713 333 778 aedificio
356 712 412 778 illo
437 719 469 776 et
492 711 531 776 da
547 712 740 792 inimicitiis,
766 734 850 798 quas
873 711 951 777 inde
976 717 1175 797 susceperat.
1224 712 1346 790 Quare,

179 818 263 904 quid
291 819 353 884 sibi
387 819 468 885 velit
500 819 557 883 illa
587 841 664 884 oum
695 818 871 884 Aristotele
900 819 1113 904 comparatio,
1148 839 1217 884 non
1248 819 1347 903 plane

177 927 294 1012 liquet,
329 927 393 991 nisi
429 925 639 992 censebimus
673 926 823 992 aedificia
855 927 911 991 illa
945 925 1079 1012 publiea
1109 925 1347 1012 aliquomodo

178 1034 356 1098 cohaerere
389 1055 466 1098 cum
495 1035 695 1119 synoecismi
727 1033 919 1099 rationibus¹
968 1034 1225 1120 Demonstratur
1248 1054 1346 1119 porro

178 1141 234 1205 his
259 1140 369 1207 verbis
381 1141 523 1205 Prusam
540 1140 602 1206 hoc
619 1147 767 1226 tempore
784 1142 851 1206 iam
867 1140 970 1206 luisse
987 1139 1115 1218 urbem,
1139 1161 1209 1204 non
1232 1140 1345 1206 vicum

176 1268 289 1332 neque
312 1248 414 1333 igitur
438 1268 471 1311 rc
495 1269 574 1313 vera
597 1270 673 1313 cum
699 1247 837 1333 Stagiris
861 1247 1047 1333 comparari
1070 1269 1177 1332 posse.
1301 1233 1303 1238 ¹

286 1355 400 1434 41,12,
448 1355 480 1441 3)
504 1355 563 1424 νῦν
587 1349 646 1424 οὖν
679 1370 751 1423 τινα
776 1385 816 1442 με
839 1353 1002 1436 βούλεσθε
1036 1358 1191 1440 ὑποσχεῖν
1227 1359 1347 1444 ζημίαν

179 1465 257 1530 οἶντῐ
280 1465 393 1530 τούτου
416 1467 472 1530 τοῦ
508 1464 742 1552 ἁμαρτήματος
765 1463 786 1551 ή
809 1476 845 1530 τί
869 1480 993 1542 ποιεῖν·
1027 1464 1113 1540 ἀξιοῖ
1144 1464 1346 1548 συμβούλους

177 1573 267 1656 ιῖμοῖς
290 1578 451 1653 γενέσθαι
470 1589 475 1602 ’
494 1569 633 1659 πότερον
656 1572 818 1660 καθελεῖν
846 1596 888 1653 με
915 1571 951 1637 τὸ
982 1571 1075 1657 ἔργον
1108 1587 1179 1643 ταῖς
1203 1570 1347 1656 ι’μαυτοῦ

181 1674 350 1757 δαπάναις
373 1679 409 1744 τό
434 1679 564 1761 γεγονός
600 1690 657 1744 καὶ
679 1685 817 1766 ποιήσαι
833 1674 958 1752 πάντα,
983 1680 1083 1744 ὁποῖα
1107 1670 1149 1766 ήν
1172 1679 1345 1768 πρότερον,·

178 1783 250 1850 ἄλλ’
276 1789 350 1864 ἴσοις
373 1787 409 1852 οὐ
433 1787 621 1871 δυνήσομαι,
660 1835 662 1838 -

287 1890 368 1983 ,lam
400 1912 585 1977 quamnam
608 1913 751 1976 poenam
776 1913 801 1956 a
818 1912 872 1957 me
889 1885 1141 1978 exsequendam
1156 1911 1226 1956 esse
1244 1891 1345 1956 vultis

178 2003 239 2062 aut
261 1996 349 2082 quid*
366 1997 463 2062 fieri?
503 1998 599 2080 Peto,
624 2005 662 2062 ut
685 1998 769 2062 mihi
798 1998 974 2064 consilium
1007 1997 1101 2076 detis,
1133 2005 1246 2063 utrum
1270 2020 1345 2063 meo

178 2111 317 2190 sumptu
352 2126 436 2190 opus
470 2111 676 2170 exstructum
716 2105 844 2171 deleam
883 2112 916 2170 et
950 2105 1064 2170 omnia
1097 2105 1132 2169 in
1169 2105 1346 2189 pristinam

179 2211 407 2277 conditionem
430 2212 598 2292 reducam,
623 2211 714 2299 quod
737 2211 875 2278 fortasse
904 2234 971 2278 non
995 2213 1129 2298 potero’

288 2319 416 2384 Docent
431 2320 513 2385 haec
529 2320 632 2386 verba
647 2311 828 2386 consilium
841 2319 1009 2398 orationis,
1026 2341 1113 2405 quac
1129 2325 1199 2385 tota
1221 2320 1345 2386 directa

178 2433 228 2492 est
258 2433 374 2492 contra·
403 2426 610 2493 adversarios
640 2428 722 2506 11100,
757 2450 841 2514 quos
871 2427 908 2491 in
939 2427 1081 2492 transitu
1106 2427 1258 2512 tetigerat
1279 2427 1344 2492 Dio

178 2534 215 2598 in
240 2533 446 2618 orationibus
464 2521 520 2600 Ι40
544 2541 576 2600 et
598 2536 650 2600 45.
698 2534 865 2600 Prodeant
895 2534 1040 2619 denique
1073 2540 1105 2598 et
1135 2533 1236 2598 libere
1267 2535 1345 2600 late·

180 2647 290 2720 antur,
315 2641 397 2726 quid
421 2642 532 2708 velint.
577 2642 706 2707 Eadem
729 2664 808 2708 vero
833 2643 959 2707 ratione
994 2641 1067 2706 aliis
1103 2663 1237 2726 quoquc
1266 2642 1346 2708 locis

182 2753 300 2814 contra
333 2747 540 2816 adversarios
575 2756 713 2836 pugnat,
737 2771 859 2835 nempe
883 2755 902 2832 ξ
930 2749 987 2813 14;
1021 2762 1057 2816 τί
1081 2743 1139 2818 οὖν
1161 2751 1345 2830 totilanem

178 2876 239 2939 sq.‚
264 2876 331 2940 quo
355 2856 426 2920 loco
449 2857 485 2921 in
508 2857 707 2923 universum
728 2863 860 2921 tantum
883 2855 1047 2942 promittit
1077 2877 1112 2921 se
1145 2856 1258 2920 omnia
1283 2857 1344 2922 lac-

180 2969 296 3026 turum
320 2984 401 3042 esse,
431 2985 516 3048 quae
552 2963 627 3030 urbi
661 2953 851 3029 conducant
885 2970 918 3028 et
948 2964 1068 3028 iterum
1093 2963 1115 3049 ξ
1142 2964 1197 3027 19;
1233 2977 1268 3030 τί
1288 2957 1346 3032 οὖν

178 3073 346 3148 βούλεσθέ
364 3099 406 3157 με
430 3083 556 3152 notatu
581 3093 629 3156 sq.
678 3072 782 3148 Quae,
819 3071 880 3135 etsi
903 3071 998 3135 initio
1021 3091 1142 3156 parum
1169 3071 1346 3156 perspicua

178 3184 266 3255 sunt,
291 3184 377 3242 certe
401 3184 514 3243 tamen
538 3178 655 3244 eodem
679 3178 815 3244 consilio
846 3176 1045 3244 dictasunt.
1093 3177 1260 3242 Prodeant
1291 3177 1344 3242 ad-

178 3272 323 3350 versarii*
348 3291 380 3349 et
404 3291 492 3350 certa
526 3286 705 3371 postulent,
740 3307 774 3351 se
810 3284 1118 3372 obtemperaturum
1141 3306 1222 3350 esse.
1269 3285 1345 3349 Pro-

178 3391 361 3470 consulem
387 3393 415 3457 s'i
438 3393 551 3471 velint,
577 3415 611 3458 se
635 3377 806 3474 aditurum
837 3413 918 3471 esse,
952 3399 990 3456 ut
1020 3392 1189 3478 symbolas
1222 3393 1342 3476 exigat,

180 3500 302 3586 ipsum,
319 3500 347 3564 si
364 3501 478 3579 velint,
493 3501 693 3566 collaturum
716 3523 786 3566 esse
811 3501 851 3565 de
876 3511 937 3566 suo
963 3500 1013 3583 [cf.
1038 3499 1126 3564 infra
1149 3521 1202 3584 pg.
1217 3499 1343 3585 32sq.·l.

286 3608 339 3686 41,
357 3609 405 3672 13.
424 3610 472 3672 14.
494 3667 497 3672 .
519 3607 551 3695 4)
575 3621 630 3677 καὶ
646 3607 704 3677 τὸν
720 3611 945 3700 αὐτοκράτορα
963 3613 1098 3676 τοιαῦτα
1112 3603 1343 3676 ἐπιστέλλοντα

178 3717 263 3814 τύχη
283 3728 355 3794 τινὶ,
380 3711 430 3783 ὅτι
461 3719 616 3795 βούλεται
640 3719 754 3785 πάντα
789 3714 910 3806 τρόπον
946 3713 1115 3794 αὔξεσθαι
1150 3716 1210 3803 τήν
1244 3715 1344 3780 πόλιν

176 3825 281 3910 ιῗμοῖν.
328 3826 531 3914 ἐπιτρέψατε
549 3826 585 3891 δὲ
608 3827 802 3908 οἷναμνοῖναι
829 3825 889 3912 τήν
912 3825 1149 3911 ἐπιστολήν...
1179 3821 1227 3886 14.
1253 3819 1344 3913 ᾤμην

177 3944 234 4002 καὶ
269 3933 338 4018 παῤ
366 3934 443 4018 ὑμῖν
478 3935 587 4006 ταῦτα
622 3931 758 4000 ἔσεσθαι
793 3944 849 3999 καὶ
875 3932 1007 4019 μηδένα
1042 3928 1250 4016 λυπήσεσθαι
1285 3935 1343 4016 τής

177 4040 301 4120 πόλεως
323 4043 652 4128 κατασκευαζομένης.
1123 4026 1127 4032 .
1239 4113 1240 4116 ¹

286 4146 417 4211 Scimus
441 4146 541 4211 etiam
566 4168 606 4211 ex
629 4146 908 4225 01011000,44,12
940 4145 1177 4230 imperatorem
1208 4164 1343 4228 quoque

178 4253 325 4319 consiliis
348 4254 466 4318 Dionis
497 4254 628 4321 lavisse.
676 4253 866 4319 Dolendum
896 4258 954 4331 est,
986 4251 1077 4338 quod
1105 4251 1169 4315 Dio
1201 4259 1342 4336 utroque

255 4503 258 4511 ’
286 4525 378 4592 41,14.
415 4527 439 4576 2,
459 4519 632 4587 λυπήσεσθαι,
654 4519 858 4586 λυπηθήσεσθαι
877 4521 986 4576 Reiske.
1034 4562 1037 4566 -
