<?xml version="1.0" encoding="UTF-8"?>
<!DOCTYPE html PUBLIC "-//W3C//DTD XHTML 1.0 Transitional//EN"
    "http://www.w3.org/TR/xhtml1/DTD/xhtml1-transitional.dtd">
<html xmlns="http://www.w3.org/1999/xhtml" xml:lang="en" lang="en">
 <head>
  <title>
</title>
<meta http-equiv="Content-Type" content="text/html;charset=utf-8" />
  <meta name='ocr-system' content='tesseract 3.04.00' />
  <meta name='ocr-capabilities' content='ocr_page ocr_carea ocr_par ocr_line ocrx_word'/>
</head>
<body>
  <div class='ocr_page' id='page_1' title='image "./dedionischrysos00claugoog_0072.png"; bbox 0 0 3234 5312; ppageno 0'>
   <div class='ocr_carea' id='block_1_1' title="bbox 638 317 857 383">
    <p class='ocr_par' dir='ltr' id='par_1_1' title="bbox 638 317 857 383">
     <span class='ocr_line' id='line_1_1' title="bbox 638 317 857 383; baseline 0 -17"><span class='ocrx_word' id='word_1_1' title='bbox 638 317 857 383; x_wconf 73' lang='lat'>..63-</span> 
     </span>
    </p>
   </div>
   <div class='ocr_carea' id='block_1_2' title="bbox 159 511 1374 2951">
    <p class='ocr_par' dir='ltr' id='par_1_2' title="bbox 273 511 1009 598">
     <span class='ocr_line' id='line_1_2' title="bbox 273 511 1009 598; baseline 0.001 -22"><span class='ocrx_word' id='word_1_2' title='bbox 273 511 330 578; x_wconf 89' lang='lat' dir='ltr'>IV.</span> <span class='ocrx_word' id='word_1_3' title='bbox 368 513 522 598; x_wconf 89' lang='lat' dir='ltr'>Denique</span> <span class='ocrx_word' id='word_1_4' title='bbox 545 513 682 578; x_wconf 88' lang='lat' dir='ltr'>omnino</span> <span class='ocrx_word' id='word_1_5' title='bbox 706 535 775 578; x_wconf 91' lang='lat' dir='ltr'>non</span> <span class='ocrx_word' id='word_1_6' title='bbox 799 519 848 578; x_wconf 89' lang='lat' dir='ltr'>est</span> <span class='ocrx_word' id='word_1_7' title='bbox 871 511 1009 577; x_wconf 77' lang='lat' dir='ltr'>ferenda</span> 
     </span>
    </p>

    <p class='ocr_par' dir='ltr' id='par_1_3' title="bbox 159 618 1374 2951">
     <span class='ocr_line' id='line_1_3' title="bbox 277 618 1331 706; baseline 0.001 -23"><span class='ocrx_word' id='word_1_8' title='bbox 277 618 305 706; x_wconf 86' lang='lat'>1)</span> <span class='ocrx_word' id='word_1_9' title='bbox 328 620 363 684; x_wconf 92' lang='lat' dir='ltr'>in</span> <span class='ocrx_word' id='word_1_10' title='bbox 387 620 545 684; x_wconf 88' lang='lat' dir='ltr'>orationis</span> <span class='ocrx_word' id='word_1_11' title='bbox 569 621 612 686; x_wconf 89' lang='grc'>40</span> <span class='ocrx_word' id='word_1_12' title='bbox 634 620 677 706; x_wconf 61' lang='grc' dir='ltr'>ξς</span> <span class='ocrx_word' id='word_1_13' title='bbox 701 621 721 684; x_wconf 80' lang='lat'>5</span> <span class='ocrx_word' id='word_1_14' title='bbox 746 625 778 684; x_wconf 93' lang='lat' dir='ltr'>et</span> <span class='ocrx_word' id='word_1_15' title='bbox 802 622 832 699; x_wconf 89' lang='grc'>6,</span> <span class='ocrx_word' id='word_1_16' title='bbox 857 640 942 705; x_wconf 88' lang='lat' dir='ltr'>quas</span> <span class='ocrx_word' id='word_1_17' title='bbox 965 619 1033 684; x_wconf 90' lang='lat' dir='ltr'>iam</span> <span class='ocrx_word' id='word_1_18' title='bbox 1066 641 1167 704; x_wconf 88' lang='lat' dir='ltr'>supra</span> <span class='ocrx_word' id='word_1_19' title='bbox 1199 619 1261 705; x_wconf 73' lang='lat' dir='ltr'>[pg.</span> <span class='ocrx_word' id='word_1_20' title='bbox 1288 620 1331 684; x_wconf 80' lang='lat'>20</span> 
     </span>
     <span class='ocr_line' id='line_1_4' title="bbox 162 726 1331 813; baseline 0.003 -23"><span class='ocrx_word' id='word_1_21' title='bbox 162 727 226 812; x_wconf 60' lang='lat' dir='ltr'>sq]</span> <span class='ocrx_word' id='word_1_22' title='bbox 265 726 306 791; x_wconf 93' lang='lat' dir='ltr'>de</span> <span class='ocrx_word' id='word_1_23' title='bbox 341 727 459 791; x_wconf 90' lang='lat' dir='ltr'>Dionis</span> <span class='ocrx_word' id='word_1_24' title='bbox 492 727 619 792; x_wconf 90' lang='lat' dir='ltr'>meritis</span> <span class='ocrx_word' id='word_1_25' title='bbox 642 748 745 812; x_wconf 87' lang='lat' dir='ltr'>agens</span> <span class='ocrx_word' id='word_1_26' title='bbox 782 726 950 811; x_wconf 78' lang='lat' dir='ltr'>exscripsi,</span> <span class='ocrx_word' id='word_1_27' title='bbox 989 726 1047 790; x_wconf 90' lang='lat' dir='ltr'>ubi</span> <span class='ocrx_word' id='word_1_28' title='bbox 1079 726 1130 791; x_wconf 90' lang='lat' dir='ltr'>bis</span> <span class='ocrx_word' id='word_1_29' title='bbox 1164 727 1331 813; x_wconf 77' lang='grc' dir='ltr'><strong><em>ἡγεμόνοιν</em></strong></span> 
     </span>
     <span class='ocr_line' id='line_1_5' title="bbox 162 827 1343 920; baseline 0.002 -22"><span class='ocrx_word' id='word_1_30' title='bbox 162 834 293 898; x_wconf 89' lang='lat' dir='ltr'>mentio</span> <span class='ocrx_word' id='word_1_31' title='bbox 309 833 346 898; x_wconf 86' lang='lat' dir='ltr'>fit</span> <span class='ocrx_word' id='word_1_32' title='bbox 371 833 436 920; x_wconf 73' lang='lat' dir='ltr'>iodx</span> <span class='ocrx_word' id='word_1_33' title='bbox 460 827 560 913; x_wconf 81' lang='grc' dir='ltr'><strong><em>αδτδς</em></strong></span> <span class='ocrx_word' id='word_1_34' title='bbox 582 833 694 920; x_wconf 78' lang='grc' dir='ltr'><strong><em>μόνον,</em></strong></span> <span class='ocrx_word' id='word_1_35' title='bbox 720 835 804 901; x_wconf 68' lang='lat' dir='ltr'>etta</span> <span class='ocrx_word' id='word_1_36' title='bbox 828 839 897 903; x_wconf 75' lang='lat' dir='ltr'>cciv</span> <span class='ocrx_word' id='word_1_37' title='bbox 917 832 1145 920; x_wconf 78' lang='grc' dir='ltr'><strong><em>ἡγεμόνιον</em></strong></span> <span class='ocrx_word' id='word_1_38' title='bbox 1176 834 1343 901; x_wconf 64' lang='grc' dir='ltr'><strong><em>ἐσπουδά-</em></strong></span> 
     </span>
     <span class='ocr_line' id='line_1_6' title="bbox 161 937 1329 1028; baseline -0.003 -20"><span class='ocrx_word' id='word_1_39' title='bbox 161 943 270 1008; x_wconf 79' lang='grc' dir='ltr'><strong><em>κόσοιν</em></strong></span> <span class='ocrx_word' id='word_1_40' title='bbox 295 979 335 987; x_wconf 92' lang='lat'><em>-</em></span> <span class='ocrx_word' id='word_1_41' title='bbox 361 943 517 1020; x_wconf 77' lang='grc' dir='ltr'><strong><em>πολλάκις</em></strong></span> <span class='ocrx_word' id='word_1_42' title='bbox 540 949 602 1026; x_wconf 78' lang='grc' dir='ltr'>μὲν</span> <span class='ocrx_word' id='word_1_43' title='bbox 630 941 683 1025; x_wconf 75' lang='grc' dir='ltr'>ὑφ’</span> <span class='ocrx_word' id='word_1_44' title='bbox 707 941 799 1027; x_wconf 75' lang='grc' dir='ltr'>δμοῖν</span> <span class='ocrx_word' id='word_1_45' title='bbox 822 937 981 1028; x_wconf 75' lang='grc' dir='ltr'><strong><em>ἐκυρώθη,</em></strong></span> <span class='ocrx_word' id='word_1_46' title='bbox 1013 942 1169 1020; x_wconf 74' lang='grc' dir='ltr'><strong><em>πολλάκις</em></strong></span> <span class='ocrx_word' id='word_1_47' title='bbox 1197 942 1233 1007; x_wconf 82' lang='grc' dir='ltr'>δὲ</span> <span class='ocrx_word' id='word_1_48' title='bbox 1264 942 1329 1009; x_wconf 71' lang='lat' dir='ltr'>tut</span> 
     </span>
     <span class='ocr_line' id='line_1_7' title="bbox 160 1045 1331 1135; baseline 0.002 -21"><span class='ocrx_word' id='word_1_49' title='bbox 160 1055 233 1116; x_wconf 77' lang='grc' dir='ltr'>τοῖν</span> <span class='ocrx_word' id='word_1_50' title='bbox 256 1047 442 1135; x_wconf 72' lang='grc' dir='ltr'><strong><em>ἡγιμόοωνλ</em></strong></span> <span class='ocrx_word' id='word_1_51' title='bbox 489 1047 578 1112; x_wconf 90' lang='lat' dir='ltr'>Dicit</span> <span class='ocrx_word' id='word_1_52' title='bbox 601 1047 664 1111; x_wconf 90' lang='lat' dir='ltr'>Dio</span> <span class='ocrx_word' id='word_1_53' title='bbox 688 1048 723 1110; x_wconf 91' lang='lat' dir='ltr'>in</span> <span class='ocrx_word' id='word_1_54' title='bbox 746 1068 844 1132; x_wconf 92' lang='lat' dir='ltr'>opere</span> <span class='ocrx_word' id='word_1_55' title='bbox 868 1046 1069 1112; x_wconf 89' lang='lat' dir='ltr'>exstruendo</span> <span class='ocrx_word' id='word_1_56' title='bbox 1098 1068 1132 1111; x_wconf 89' lang='lat' dir='ltr'>se</span> <span class='ocrx_word' id='word_1_57' title='bbox 1162 1045 1331 1134; x_wconf 69' lang='grc' dir='ltr'><strong><em>ἡγεμόνιον</em></strong></span> 
     </span>
     <span class='ocr_line' id='line_1_8' title="bbox 161 1153 1331 1238; baseline -0.002 -19"><span class='ocrx_word' id='word_1_58' title='bbox 161 1154 291 1219; x_wconf 87' lang='lat' dir='ltr'>auxilio</span> <span class='ocrx_word' id='word_1_59' title='bbox 314 1174 413 1218; x_wconf 90' lang='lat' dir='ltr'>usum</span> <span class='ocrx_word' id='word_1_60' title='bbox 438 1175 518 1230; x_wconf 86' lang='lat' dir='ltr'>esse,</span> <span class='ocrx_word' id='word_1_61' title='bbox 543 1153 632 1219; x_wconf 91' lang='lat' dir='ltr'>unde</span> <span class='ocrx_word' id='word_1_62' title='bbox 649 1153 864 1220; x_wconf 84' lang='lat' dir='ltr'>menifestum</span> <span class='ocrx_word' id='word_1_63' title='bbox 880 1159 930 1218; x_wconf 91' lang='lat' dir='ltr'>est</span> <span class='ocrx_word' id='word_1_64' title='bbox 946 1159 1142 1238; x_wconf 89' lang='lat' dir='ltr'>potestatem</span> <span class='ocrx_word' id='word_1_65' title='bbox 1159 1153 1331 1238; x_wconf 84' lang='lat' dir='ltr'>quandam</span> 
     </span>
     <span class='ocr_line' id='line_1_9' title="bbox 159 1260 1331 1344; baseline 0 -18"><span class='ocrx_word' id='word_1_66' title='bbox 159 1261 238 1326; x_wconf 89' lang='lat' dir='ltr'>illos</span> <span class='ocrx_word' id='word_1_67' title='bbox 262 1262 386 1326; x_wconf 83' lang='lat' dir='ltr'><strong>Prusae</strong></span> <span class='ocrx_word' id='word_1_68' title='bbox 410 1260 567 1327; x_wconf 80' lang='lat' dir='ltr'>habuisse</span> <span class='ocrx_word' id='word_1_69' title='bbox 591 1267 623 1325; x_wconf 90' lang='lat' dir='ltr'>et</span> <span class='ocrx_word' id='word_1_70' title='bbox 647 1260 687 1325; x_wconf 93' lang='lat' dir='ltr'>de</span> <span class='ocrx_word' id='word_1_71' title='bbox 710 1260 810 1326; x_wconf 91' lang='lat' dir='ltr'>rebus</span> <span class='ocrx_word' id='word_1_72' title='bbox 833 1260 971 1325; x_wconf 85' lang='lat' dir='ltr'>urbanis</span> <span class='ocrx_word' id='word_1_73' title='bbox 995 1261 1205 1325; x_wconf 87' lang='lat' dir='ltr'>constituisse</span> <span class='ocrx_word' id='word_1_74' title='bbox 1246 1262 1331 1344; x_wconf 78' lang='lat' dir='ltr'>[not-</span> 
     </span>
     <span class='ocr_line' id='line_1_10' title="bbox 162 1359 1330 1456; baseline -0.003 -22"><span class='ocrx_word' id='word_1_75' title='bbox 162 1372 259 1448; x_wconf 87' lang='grc' dir='ltr'><strong><em>λάκις</em></strong></span> <span class='ocrx_word' id='word_1_76' title='bbox 306 1365 530 1456; x_wconf 77' lang='grc' dir='ltr'>δκυράθη]Ι</span> <span class='ocrx_word' id='word_1_77' title='bbox 596 1367 700 1453; x_wconf 82' lang='lat' dir='ltr'>Atqui</span> <span class='ocrx_word' id='word_1_78' title='bbox 749 1368 931 1432; x_wconf 83' lang='lat' dir='ltr'>Prusenses</span> <span class='ocrx_word' id='word_1_79' title='bbox 964 1367 1013 1432; x_wconf 93' lang='grc'><strong>1111</strong></span> <span class='ocrx_word' id='word_1_80' title='bbox 1061 1359 1214 1454; x_wconf 76' lang='grc' dir='ltr'>ἡγεμόνες</span> <span class='ocrx_word' id='word_1_81' title='bbox 1263 1389 1330 1434; x_wconf 88' lang='lat' dir='ltr'>non</span> 
     </span>
     <span class='ocr_line' id='line_1_11' title="bbox 162 1474 1332 1560; baseline 0.001 -20"><span class='ocrx_word' id='word_1_82' title='bbox 162 1481 271 1554; x_wconf 87' lang='lat' dir='ltr'>erant,</span> <span class='ocrx_word' id='word_1_83' title='bbox 303 1494 424 1539; x_wconf 87' lang='lat' dir='ltr'>cuma</span> <span class='ocrx_word' id='word_1_84' title='bbox 455 1475 562 1540; x_wconf 87' lang='lat' dir='ltr'>Dione</span> <span class='ocrx_word' id='word_1_85' title='bbox 593 1474 722 1540; x_wconf 85' lang='lat' dir='ltr'>civibus</span> <span class='ocrx_word' id='word_1_86' title='bbox 753 1474 975 1540; x_wconf 89' lang='lat' dir='ltr'>Prusensibus</span> <span class='ocrx_word' id='word_1_87' title='bbox 1008 1482 1222 1560; x_wconf 89' lang='lat' dir='ltr'>opponentur</span> <span class='ocrx_word' id='word_1_88' title='bbox 1257 1474 1332 1560; x_wconf 74' lang='grc' dir='ltr'>[τῶν</span> 
     </span>
     <span class='ocr_line' id='line_1_12' title="bbox 160 1581 1331 1670; baseline -0.002 -20"><span class='ocrx_word' id='word_1_89' title='bbox 160 1585 334 1670; x_wconf 71' lang='grc' dir='ltr'><em>ἡγεμόνοιν</em></span> <span class='ocrx_word' id='word_1_90' title='bbox 357 1583 611 1650; x_wconf 72' lang='grc' dir='ltr'><strong><em>ἐσπουδακότων</em></strong></span> <span class='ocrx_word' id='word_1_91' title='bbox 638 1589 713 1663; x_wconf 77' lang='grc' dir='ltr'><strong><em>ἴσως</em></strong></span> <span class='ocrx_word' id='word_1_92' title='bbox 734 1589 796 1668; x_wconf 73' lang='grc' dir='ltr'>μὲν</span> <span class='ocrx_word' id='word_1_93' title='bbox 819 1581 939 1668; x_wconf 77' lang='grc' dir='ltr'><strong><em>δμῑν,</em></strong></span> <span class='ocrx_word' id='word_1_94' title='bbox 965 1589 1038 1662; x_wconf 79' lang='grc' dir='ltr'><strong><em>ἴσως</em></strong></span> <span class='ocrx_word' id='word_1_95' title='bbox 1061 1585 1099 1649; x_wconf 79' lang='grc' dir='ltr'>δὲ</span> <span class='ocrx_word' id='word_1_96' title='bbox 1122 1585 1221 1668; x_wconf 82' lang='grc' dir='ltr'><strong><em>κάμσὶ</em></strong></span> <span class='ocrx_word' id='word_1_97' title='bbox 1244 1595 1331 1667; x_wconf 84' lang='grc' dir='ltr'><strong><em>χαρί-</em></strong></span> 
     </span>
     <span class='ocr_line' id='line_1_13' title="bbox 163 1687 1332 1775; baseline 0 -19"><span class='ocrx_word' id='word_1_98' title='bbox 163 1694 288 1768; x_wconf 80' lang='grc' dir='ltr'><strong><em>ζεσθαι</em></strong></span> <span class='ocrx_word' id='word_1_99' title='bbox 310 1693 515 1772; x_wconf 70' lang='grc' dir='ltr'><strong><em>βουλομένων</em></strong></span> <span class='ocrx_word' id='word_1_100' title='bbox 538 1695 570 1754; x_wconf 83' lang='lat' dir='ltr'>et</span> <span class='ocrx_word' id='word_1_101' title='bbox 592 1689 699 1773; x_wconf 79' lang='lat' dir='ltr'>magis</span> <span class='ocrx_word' id='word_1_102' title='bbox 723 1689 842 1754; x_wconf 79' lang='lat' dir='ltr'>etiam:</span> <span class='ocrx_word' id='word_1_103' title='bbox 868 1691 1024 1769; x_wconf 81' lang='grc' dir='ltr'><strong><em>πολλάκις</em></strong></span> <span class='ocrx_word' id='word_1_104' title='bbox 1046 1697 1107 1775; x_wconf 77' lang='grc' dir='ltr'>μὲν</span> <span class='ocrx_word' id='word_1_105' title='bbox 1130 1692 1184 1773; x_wconf 71' lang='grc' dir='ltr'>ὑφ’</span> <span class='ocrx_word' id='word_1_106' title='bbox 1209 1687 1229 1758; x_wconf 79' lang='lat' dir='ltr'>d</span> <span class='ocrx_word' id='word_1_107' title='bbox 1240 1717 1264 1774; x_wconf 90' lang='grc' dir='ltr'><strong><em>μ</em></strong></span> <span class='ocrx_word' id='word_1_108' title='bbox 1277 1696 1304 1756; x_wconf 73' lang='lat' dir='ltr'>ci</span> <span class='ocrx_word' id='word_1_109' title='bbox 1314 1717 1332 1756; x_wconf 85' lang='grc' dir='ltr'>ν</span> 
     </span>
     <span class='ocr_line' id='line_1_14' title="bbox 160 1795 1331 1886; baseline -0.005 -22"><span class='ocrx_word' id='word_1_110' title='bbox 160 1797 329 1886; x_wconf 75' lang='grc' dir='ltr'><strong><em>ἐκυρώθη,</em></strong></span> <span class='ocrx_word' id='word_1_111' title='bbox 355 1797 513 1876; x_wconf 79' lang='grc' dir='ltr'><strong><em>πολλάκις</em></strong></span> <span class='ocrx_word' id='word_1_112' title='bbox 544 1798 581 1864; x_wconf 75' lang='grc' dir='ltr'>δὲ</span> <span class='ocrx_word' id='word_1_113' title='bbox 610 1795 675 1864; x_wconf 67' lang='lat' dir='ltr'>tut</span> <span class='ocrx_word' id='word_1_114' title='bbox 705 1802 771 1864; x_wconf 77' lang='grc' dir='ltr'>τῶν</span> <span class='ocrx_word' id='word_1_115' title='bbox 803 1796 991 1883; x_wconf 75' lang='grc' dir='ltr'><strong><em>ἡγεμόνωνλ,</em></strong></span> <span class='ocrx_word' id='word_1_116' title='bbox 1029 1816 1138 1880; x_wconf 87' lang='lat' dir='ltr'>neque</span> <span class='ocrx_word' id='word_1_117' title='bbox 1162 1795 1331 1880; x_wconf 86' lang='lat' dir='ltr'>Bithynioi</span> 
     </span>
     <span class='ocr_line' id='line_1_15' title="bbox 161 1902 1330 1991; baseline 0.003 -25"><span class='ocrx_word' id='word_1_118' title='bbox 161 1902 304 1988; x_wconf 87' lang='lat' dir='ltr'>quidam</span> <span class='ocrx_word' id='word_1_119' title='bbox 335 1903 549 1987; x_wconf 79' lang='lat' dir='ltr'>magistratus</span> <span class='ocrx_word' id='word_1_120' title='bbox 580 1902 788 1988; x_wconf 80' lang='lat' dir='ltr'>intelligendi</span> <span class='ocrx_word' id='word_1_121' title='bbox 816 1909 894 1967; x_wconf 91' lang='lat' dir='ltr'>sunt</span> <span class='ocrx_word' id='word_1_122' title='bbox 919 1902 969 1988; x_wconf 73' lang='lat' dir='ltr'>toi.</span> <span class='ocrx_word' id='word_1_123' title='bbox 994 1903 1120 1980; x_wconf 83' lang='lat'>38,26:</span> <span class='ocrx_word' id='word_1_124' title='bbox 1145 1903 1330 1991; x_wconf 83' lang='grc' dir='ltr'><strong><em>άρμοσοάς],</em></strong></span> 
     </span>
     <span class='ocr_line' id='line_1_16' title="bbox 161 2008 1330 2095; baseline -0.001 -21"><span class='ocrx_word' id='word_1_125' title='bbox 161 2011 248 2095; x_wconf 88' lang='lat' dir='ltr'>quia</span> <span class='ocrx_word' id='word_1_126' title='bbox 281 2009 422 2074; x_wconf 86' lang='lat' dir='ltr'>Prusam</span> <span class='ocrx_word' id='word_1_127' title='bbox 459 2031 495 2074; x_wconf 88' lang='lat' dir='ltr'>eo</span> <span class='ocrx_word' id='word_1_128' title='bbox 531 2015 690 2094; x_wconf 89' lang='lat' dir='ltr'>tempore,</span> <span class='ocrx_word' id='word_1_129' title='bbox 729 2031 795 2094; x_wconf 92' lang='lat' dir='ltr'>quo</span> <span class='ocrx_word' id='word_1_130' title='bbox 829 2009 892 2076; x_wconf 88' lang='lat' dir='ltr'>Dio</span> <span class='ocrx_word' id='word_1_131' title='bbox 929 2009 1113 2075; x_wconf 89' lang='lat' dir='ltr'>orationem</span> <span class='ocrx_word' id='word_1_132' title='bbox 1136 2009 1180 2074; x_wconf 82' lang='lat'>40</span> <span class='ocrx_word' id='word_1_133' title='bbox 1203 2008 1330 2086; x_wconf 87' lang='lat' dir='ltr'>habuit,</span> 
     </span>
     <span class='ocr_line' id='line_1_17' title="bbox 165 2115 1331 2204; baseline -0.001 -24"><span class='ocrx_word' id='word_1_134' title='bbox 165 2116 324 2203; x_wconf 90' lang='lat' dir='ltr'>propriae</span> <span class='ocrx_word' id='word_1_135' title='bbox 359 2115 512 2204; x_wconf 74' lang='grc' dir='ltr'><strong><em>διοικήσει</em></strong></span> <span class='ocrx_word' id='word_1_136' title='bbox 547 2117 770 2201; x_wconf 88' lang='lat' dir='ltr'>praepositam</span> <span class='ocrx_word' id='word_1_137' title='bbox 807 2137 827 2180; x_wconf 88' lang='lat' dir='ltr'>e</span> <span class='ocrx_word' id='word_1_138' title='bbox 861 2117 954 2181; x_wconf 87' lang='lat' dir='ltr'>nulla</span> <span class='ocrx_word' id='word_1_139' title='bbox 989 2116 1166 2201; x_wconf 76' lang='lat' dir='ltr'>Bithynice</span> <span class='ocrx_word' id='word_1_140' title='bbox 1198 2115 1331 2180; x_wconf 83' lang='lat' dir='ltr'>civitate</span> 
     </span>
     <span class='ocr_line' id='line_1_18' title="bbox 164 2221 1333 2310; baseline 0 -22"><span class='ocrx_word' id='word_1_141' title='bbox 164 2223 370 2310; x_wconf 89' lang='lat' dir='ltr'>pependisse</span> <span class='ocrx_word' id='word_1_142' title='bbox 388 2223 565 2288; x_wconf 82' lang='lat' dir='ltr'>didicimus</span> <span class='ocrx_word' id='word_1_143' title='bbox 581 2224 643 2309; x_wconf 80' lang='lat' dir='ltr'>[pg.</span> <span class='ocrx_word' id='word_1_144' title='bbox 658 2224 678 2287; x_wconf 88' lang='grc'>4</span> <span class='ocrx_word' id='word_1_145' title='bbox 692 2221 764 2310; x_wconf 83' lang='lat' dir='ltr'>sq.].</span> <span class='ocrx_word' id='word_1_146' title='bbox 812 2223 895 2288; x_wconf 82' lang='lat' dir='ltr'>item</span> <span class='ocrx_word' id='word_1_147' title='bbox 913 2245 981 2288; x_wconf 91' lang='lat' dir='ltr'>non</span> <span class='ocrx_word' id='word_1_148' title='bbox 997 2222 1038 2288; x_wconf 90' lang='lat' dir='ltr'>de</span> <span class='ocrx_word' id='word_1_149' title='bbox 1054 2245 1122 2287; x_wconf 91' lang='lat' dir='ltr'>uno</span> <span class='ocrx_word' id='word_1_150' title='bbox 1136 2224 1333 2309; x_wconf 87' lang='lat' dir='ltr'>proconsule</span> 
     </span>
     <span class='ocr_line' id='line_1_19' title="bbox 161 2329 1374 2425; baseline -0.002 -29"><span class='ocrx_word' id='word_1_151' title='bbox 161 2331 316 2416; x_wconf 89' lang='lat' dir='ltr'>loquitur</span> <span class='ocrx_word' id='word_1_152' title='bbox 339 2331 413 2395; x_wconf 91' lang='lat' dir='ltr'>Dio.</span> <span class='ocrx_word' id='word_1_153' title='bbox 460 2331 577 2416; x_wconf 89' lang='lat' dir='ltr'>Itaque</span> <span class='ocrx_word' id='word_1_154' title='bbox 601 2336 702 2395; x_wconf 90' lang='lat' dir='ltr'>restat</span> <span class='ocrx_word' id='word_1_155' title='bbox 719 2337 860 2409; x_wconf 89' lang='lat' dir='ltr'>tantum,</span> <span class='ocrx_word' id='word_1_156' title='bbox 885 2336 923 2395; x_wconf 89' lang='lat' dir='ltr'>ut</span> <span class='ocrx_word' id='word_1_157' title='bbox 946 2331 986 2395; x_wconf 91' lang='lat' dir='ltr'>de</span> <span class='ocrx_word' id='word_1_158' title='bbox 1011 2329 1150 2396; x_wconf 88' lang='lat' dir='ltr'>diversis</span> <span class='ocrx_word' id='word_1_159' title='bbox 1169 2329 1330 2395; x_wconf 86' lang='lat' dir='ltr'>Romanis</span> <span class='ocrx_word' id='word_1_160' title='bbox 1368 2412 1374 2425; x_wconf 40' lang='grc'>,</span> 
     </span>
     <span class='ocr_line' id='line_1_20' title="bbox 162 2437 1331 2524; baseline -0.001 -22"><span class='ocrx_word' id='word_1_161' title='bbox 162 2437 418 2522; x_wconf 83' lang='lat' dir='ltr'>magistratibus</span> <span class='ocrx_word' id='word_1_162' title='bbox 463 2437 723 2521; x_wconf 86' lang='lat' dir='ltr'>provincialibus</span> <span class='ocrx_word' id='word_1_163' title='bbox 771 2438 955 2523; x_wconf 84' lang='lat' dir='ltr'>cogitemus</span> <span class='ocrx_word' id='word_1_164' title='bbox 996 2437 1213 2524; x_wconf 71' lang='lat' dir='ltr'>[proconsule</span> <span class='ocrx_word' id='word_1_165' title='bbox 1260 2437 1331 2501; x_wconf 88' lang='lat' dir='ltr'>eius</span> 
     </span>
     <span class='ocr_line' id='line_1_21' title="bbox 162 2543 1330 2630; baseline 0.001 -21"><span class='ocrx_word' id='word_1_166' title='bbox 162 2546 287 2629; x_wconf 86' lang='lat' dir='ltr'>legate,</span> <span class='ocrx_word' id='word_1_167' title='bbox 322 2549 506 2629; x_wconf 82' lang='lat' dir='ltr'>quaestore,</span> <span class='ocrx_word' id='word_1_168' title='bbox 542 2543 820 2629; x_wconf 87' lang='lat' dir='ltr'>procuratoribus,</span> <span class='ocrx_word' id='word_1_169' title='bbox 857 2545 897 2610; x_wconf 86' lang='grc'>01.</span> <span class='ocrx_word' id='word_1_170' title='bbox 934 2544 1129 2630; x_wconf 87' lang='lat' dir='ltr'>Marquardt</span> <span class='ocrx_word' id='word_1_171' title='bbox 1162 2544 1183 2608; x_wconf 93' lang='grc'>1.</span> <span class='ocrx_word' id='word_1_172' title='bbox 1219 2544 1239 2608; x_wconf 90' lang='lat' dir='ltr'>l.</span> <span class='ocrx_word' id='word_1_173' title='bbox 1276 2565 1330 2629; x_wconf 86' lang='lat' dir='ltr'>pg.</span> 
     </span>
     <span class='ocr_line' id='line_1_22' title="bbox 163 2650 1332 2736; baseline -0.001 -20"><span class='ocrx_word' id='word_1_174' title='bbox 163 2653 232 2716; x_wconf 83' lang='lat'>351</span> <span class='ocrx_word' id='word_1_175' title='bbox 258 2651 328 2736; x_wconf 71' lang='grc'><strong>10].</strong></span> <span class='ocrx_word' id='word_1_176' title='bbox 375 2650 463 2715; x_wconf 89' lang='lat' dir='ltr'>Nam</span> <span class='ocrx_word' id='word_1_177' title='bbox 487 2651 620 2730; x_wconf 89' lang='lat' dir='ltr'>Prusae,</span> <span class='ocrx_word' id='word_1_178' title='bbox 645 2652 706 2716; x_wconf 90' lang='lat' dir='ltr'>etsi</span> <span class='ocrx_word' id='word_1_179' title='bbox 729 2652 864 2736; x_wconf 86' lang='lat' dir='ltr'>propria</span> <span class='ocrx_word' id='word_1_180' title='bbox 899 2651 1187 2716; x_wconf 86' lang='lat' dir='ltr'>administratione</span> <span class='ocrx_word' id='word_1_181' title='bbox 1215 2650 1332 2716; x_wconf 88' lang='lat' dir='ltr'>civitas</span> 
     </span>
     <span class='ocr_line' id='line_1_23' title="bbox 164 2757 1333 2843; baseline -0.002 -19"><span class='ocrx_word' id='word_1_182' title='bbox 164 2757 351 2836; x_wconf 79' lang='lat' dir='ltr'>fruebatur,</span> <span class='ocrx_word' id='word_1_183' title='bbox 377 2758 634 2843; x_wconf 83' lang='lat' dir='ltr'>magistratuum</span> <span class='ocrx_word' id='word_1_184' title='bbox 657 2759 888 2824; x_wconf 85' lang='lat' dir='ltr'>Romanorum</span> <span class='ocrx_word' id='word_1_185' title='bbox 919 2758 1054 2823; x_wconf 88' lang='lat' dir='ltr'>arbitrio</span> <span class='ocrx_word' id='word_1_186' title='bbox 1083 2765 1196 2822; x_wconf 88' lang='lat' dir='ltr'>tamen</span> <span class='ocrx_word' id='word_1_187' title='bbox 1228 2758 1333 2823; x_wconf 86' lang='lat' dir='ltr'>multa</span> 
     </span>
     <span class='ocr_line' id='line_1_24' title="bbox 163 2865 915 2951; baseline 0 -22"><span class='ocrx_word' id='word_1_188' title='bbox 163 2866 332 2951; x_wconf 88' lang='lat' dir='ltr'>permissa</span> <span class='ocrx_word' id='word_1_189' title='bbox 354 2865 457 2929; x_wconf 79' lang='lat' dir='ltr'>tuisse</span> <span class='ocrx_word' id='word_1_190' title='bbox 481 2865 560 2930; x_wconf 87' lang='lat' dir='ltr'>satis</span> <span class='ocrx_word' id='word_1_191' title='bbox 584 2871 713 2930; x_wconf 89' lang='lat' dir='ltr'>constat</span> <span class='ocrx_word' id='word_1_192' title='bbox 738 2865 787 2951; x_wconf 82' lang='grc'><strong>[01.</strong></span> <span class='ocrx_word' id='word_1_193' title='bbox 812 2865 915 2949; x_wconf 74' lang='lat'>48,1].</span> 
     </span>
    </p>
   </div>
   <div class='ocr_carea' id='block_1_3' title="bbox 163 2988 1333 3377">
    <p class='ocr_par' dir='ltr' id='par_1_4' title="bbox 163 2988 1333 3186">
     <span class='ocr_line' id='line_1_25' title="bbox 276 2988 1333 3082; baseline 0.005 -30"><span class='ocrx_word' id='word_1_194' title='bbox 276 2990 369 3069; x_wconf 73' lang='lat'>40,9.</span> <span class='ocrx_word' id='word_1_195' title='bbox 417 2988 449 3076; x_wconf 77' lang='lat'>2)</span> <span class='ocrx_word' id='word_1_196' title='bbox 472 2992 521 3076; x_wconf 71' lang='grc' dir='ltr'>ἐφ’</span> <span class='ocrx_word' id='word_1_197' title='bbox 548 2991 593 3070; x_wconf 77' lang='grc' dir='ltr'>οἷς</span> <span class='ocrx_word' id='word_1_198' title='bbox 616 2990 704 3077; x_wconf 77' lang='grc' dir='ltr'><strong><em>ὑμεῖς</em></strong></span> <span class='ocrx_word' id='word_1_199' title='bbox 738 2998 799 3077; x_wconf 78' lang='grc' dir='ltr'>μὲν</span> <span class='ocrx_word' id='word_1_200' title='bbox 822 2993 1003 3081; x_wconf 71' lang='grc' dir='ltr'><strong><em>ἠρυθριᾶτε</em></strong></span> <span class='ocrx_word' id='word_1_201' title='bbox 1034 3002 1090 3058; x_wconf 79' lang='grc' dir='ltr'><strong><em>καὶ</em></strong></span> <span class='ocrx_word' id='word_1_202' title='bbox 1120 2993 1333 3082; x_wconf 72' lang='grc' dir='ltr'><strong><em>διετρέπεσθε</em></strong></span> 
     </span>
     <span class='ocr_line' id='line_1_26' title="bbox 163 3099 686 3186; baseline -0.008 -20"><span class='ocrx_word' id='word_1_203' title='bbox 163 3099 235 3166; x_wconf 78' lang='grc' dir='ltr'>τῶν</span> <span class='ocrx_word' id='word_1_204' title='bbox 259 3099 489 3186; x_wconf 72' lang='grc' dir='ltr'><strong><em>ἡγεμόνιον</em></strong></span> <span class='ocrx_word' id='word_1_205' title='bbox 512 3099 686 3165; x_wconf 77' lang='grc' dir='ltr'><strong><em>εἰσιόντων.</em></strong></span> 
     </span>
    </p>

    <p class='ocr_par' dir='ltr' id='par_1_5' title="bbox 165 3202 1332 3377">
     <span class='ocr_line' id='line_1_27' title="bbox 278 3202 1332 3295; baseline 0.001 -27"><span class='ocrx_word' id='word_1_206' title='bbox 278 3205 321 3283; x_wconf 88' lang='lat' dir='ltr'>,in</span> <span class='ocrx_word' id='word_1_207' title='bbox 346 3202 469 3295; x_wconf 82' lang='lat' dir='ltr'>quibus</span> <span class='ocrx_word' id='word_1_208' title='bbox 493 3202 735 3268; x_wconf 88' lang='lat' dir='ltr'>erubescebatis</span> <span class='ocrx_word' id='word_1_209' title='bbox 771 3209 803 3268; x_wconf 92' lang='lat' dir='ltr'>et</span> <span class='ocrx_word' id='word_1_210' title='bbox 836 3202 984 3290; x_wconf 88' lang='lat' dir='ltr'>pudebat</span> <span class='ocrx_word' id='word_1_211' title='bbox 1006 3225 1075 3282; x_wconf 90' lang='lat' dir='ltr'>vos,</span> <span class='ocrx_word' id='word_1_212' title='bbox 1113 3204 1141 3268; x_wconf 87' lang='lat' dir='ltr'>si</span> <span class='ocrx_word' id='word_1_213' title='bbox 1164 3204 1332 3290; x_wconf 89' lang='lat' dir='ltr'>principes</span> 
     </span>
     <span class='ocr_line' id='line_1_28' title="bbox 165 3309 570 3377; baseline -0.007 0"><span class='ocrx_word' id='word_1_214' title='bbox 165 3310 357 3377; x_wconf 87' lang='lat' dir='ltr'>aedificium</span> <span class='ocrx_word' id='word_1_215' title='bbox 381 3309 570 3375; x_wconf 64' lang='lat' dir='ltr'>intrabant?</span> 
     </span>
    </p>
   </div>
   <div class='ocr_carea' id='block_1_4' title="bbox 164 3435 1336 4166">
    <p class='ocr_par' dir='ltr' id='par_1_6' title="bbox 164 3435 1334 3932">
     <span class='ocr_line' id='line_1_29' title="bbox 276 3435 1332 3522; baseline 0.002 -22"><span class='ocrx_word' id='word_1_216' title='bbox 276 3436 350 3501; x_wconf 92' lang='lat' dir='ltr'>Hoc</span> <span class='ocrx_word' id='word_1_217' title='bbox 374 3456 508 3521; x_wconf 89' lang='lat' dir='ltr'>quoque</span> <span class='ocrx_word' id='word_1_218' title='bbox 532 3435 613 3514; x_wconf 88' lang='grc'><strong>1000,</strong></span> <span class='ocrx_word' id='word_1_219' title='bbox 638 3435 697 3519; x_wconf 85' lang='grc'><strong>0111</strong></span> <span class='ocrx_word' id='word_1_220' title='bbox 720 3435 756 3498; x_wconf 91' lang='lat' dir='ltr'>in</span> <span class='ocrx_word' id='word_1_221' title='bbox 790 3435 854 3500; x_wconf 89' lang='lat' dir='ltr'>illis</span> <span class='ocrx_word' id='word_1_222' title='bbox 878 3435 1007 3520; x_wconf 86' lang='lat' dir='ltr'>legitur,</span> <span class='ocrx_word' id='word_1_223' title='bbox 1043 3435 1166 3522; x_wconf 90' lang='lat' dir='ltr'>quibus</span> <span class='ocrx_word' id='word_1_224' title='bbox 1190 3437 1254 3502; x_wconf 92' lang='lat' dir='ltr'>Dio</span> <span class='ocrx_word' id='word_1_225' title='bbox 1288 3438 1332 3502; x_wconf 76' lang='lat' dir='ltr'>fe-</span> 
     </span>
     <span class='ocr_line' id='line_1_30' title="bbox 165 3541 1334 3632; baseline 0.002 -22"><span class='ocrx_word' id='word_1_226' title='bbox 165 3543 263 3610; x_wconf 87' lang='lat' dir='ltr'>brilis</span> <span class='ocrx_word' id='word_1_227' title='bbox 288 3543 375 3607; x_wconf 87' lang='lat' dir='ltr'>illius</span> <span class='ocrx_word' id='word_1_228' title='bbox 399 3543 550 3608; x_wconf 87' lang='lat' dir='ltr'>officinae</span> <span class='ocrx_word' id='word_1_229' title='bbox 574 3541 704 3607; x_wconf 88' lang='lat' dir='ltr'>dirutae</span> <span class='ocrx_word' id='word_1_230' title='bbox 727 3541 971 3608; x_wconf 82' lang='lat' dir='ltr'>deformitatem</span> <span class='ocrx_word' id='word_1_231' title='bbox 990 3542 1155 3622; x_wconf 89' lang='lat' dir='ltr'>describit,</span> <span class='ocrx_word' id='word_1_232' title='bbox 1180 3543 1334 3632; x_wconf 73' lang='grc' dir='ltr'>ἡγεμόνος</span> 
     </span>
     <span class='ocr_line' id='line_1_31' title="bbox 169 3649 1332 3735; baseline -0.001 -19"><span class='ocrx_word' id='word_1_233' title='bbox 169 3657 253 3717; x_wconf 90' lang='lat' dir='ltr'>sunt</span> <span class='ocrx_word' id='word_1_234' title='bbox 264 3650 478 3735; x_wconf 86' lang='lat' dir='ltr'>magistratus</span> <span class='ocrx_word' id='word_1_235' title='bbox 494 3649 648 3725; x_wconf 86' lang='lat' dir='ltr'>Romani,</span> <span class='ocrx_word' id='word_1_236' title='bbox 666 3671 811 3734; x_wconf 91' lang='lat' dir='ltr'>quorum</span> <span class='ocrx_word' id='word_1_237' title='bbox 822 3651 1014 3735; x_wconf 86' lang='lat' dir='ltr'>provinciae</span> <span class='ocrx_word' id='word_1_238' title='bbox 1027 3656 1098 3716; x_wconf 89' lang='lat' dir='ltr'>erat</span> <span class='ocrx_word' id='word_1_239' title='bbox 1107 3650 1332 3716; x_wconf 89' lang='lat' dir='ltr'>aedificiorum</span> 
     </span>
     <span class='ocr_line' id='line_1_32' title="bbox 165 3755 1334 3846; baseline -0.002 -23"><span class='ocrx_word' id='word_1_240' title='bbox 165 3758 381 3846; x_wconf 84' lang='lat' dir='ltr'>publicorum</span> <span class='ocrx_word' id='word_1_241' title='bbox 405 3755 628 3822; x_wconf 88' lang='lat' dir='ltr'>conditionem</span> <span class='ocrx_word' id='word_1_242' title='bbox 644 3757 807 3842; x_wconf 90' lang='lat' dir='ltr'>inspicere</span> <span class='ocrx_word' id='word_1_243' title='bbox 833 3757 881 3840; x_wconf 81' lang='grc'><strong>[01.</strong></span> <span class='ocrx_word' id='word_1_244' title='bbox 898 3756 983 3824; x_wconf 84' lang='grc' dir='ltr'><strong>Ρ1111.</strong></span> <span class='ocrx_word' id='word_1_245' title='bbox 1002 3779 1051 3844; x_wconf 92' lang='lat' dir='ltr'>ep.</span> <span class='ocrx_word' id='word_1_246' title='bbox 1076 3757 1267 3845; x_wconf 78' lang='grc' dir='ltr'><strong>Χ,15(71)].</strong></span> <span class='ocrx_word' id='word_1_247' title='bbox 1293 3796 1334 3804; x_wconf 94' lang='lat'>—</span> 
     </span>
     <span class='ocr_line' id='line_1_33' title="bbox 164 3863 439 3932; baseline -0.011 -1"><span class='ocrx_word' id='word_1_248' title='bbox 164 3865 265 3932; x_wconf 90' lang='lat' dir='ltr'>Idem</span> <span class='ocrx_word' id='word_1_249' title='bbox 287 3865 376 3931; x_wconf 83' lang='lat' dir='ltr'>valet</span> <span class='ocrx_word' id='word_1_250' title='bbox 399 3863 439 3929; x_wconf 92' lang='lat' dir='ltr'>de</span> 
     </span>
    </p>

    <p class='ocr_par' dir='ltr' id='par_1_7' title="bbox 165 3970 1336 4166">
     <span class='ocr_line' id='line_1_34' title="bbox 277 3970 1335 4059; baseline 0.001 -24"><span class='ocrx_word' id='word_1_251' title='bbox 277 3971 438 4050; x_wconf 83' lang='lat' dir='ltr'>45‚4-e.</span> <span class='ocrx_word' id='word_1_252' title='bbox 464 3970 1335 4059; x_wconf 57' lang='grc' dir='ltr'><strong>3)(10011010001011101111111110(1100111001ρὲ,10001.</strong></span> 
     </span>
     <span class='ocr_line' id='line_1_35' title="bbox 165 4077 1336 4166; baseline 0.001 -20"><span class='ocrx_word' id='word_1_253' title='bbox 165 4081 235 4146; x_wconf 90' lang='lat' dir='ltr'>Ter</span> <span class='ocrx_word' id='word_1_254' title='bbox 262 4079 480 4143; x_wconf 84' lang='lat' dir='ltr'>nominantur</span> <span class='ocrx_word' id='word_1_255' title='bbox 513 4078 568 4144; x_wconf 84' lang='lat' dir='ltr'>hio</span> <span class='ocrx_word' id='word_1_256' title='bbox 602 4077 781 4166; x_wconf 55' lang='lat' dir='ltr'>eriperer:</span> <span class='ocrx_word' id='word_1_257' title='bbox 815 4079 845 4144; x_wconf 85' lang='lat'>4.</span> <span class='ocrx_word' id='word_1_258' title='bbox 870 4097 934 4160; x_wconf 80' lang='grc' dir='ltr'><strong><em>τοῖς</em></strong></span> <span class='ocrx_word' id='word_1_259' title='bbox 966 4081 1200 4165; x_wconf 71' lang='grc' dir='ltr'><strong><em>ὑποσχομένοις</em></strong></span> <span class='ocrx_word' id='word_1_260' title='bbox 1234 4077 1336 4166; x_wconf 81' lang='grc' dir='ltr'><strong><em>μόνον</em></strong></span> 
     </span>
    </p>
   </div>
   <div class='ocr_carea' id='block_1_5' title="bbox 167 4431 1335 4597">
    <p class='ocr_par' dir='ltr' id='par_1_8' title="bbox 167 4431 1335 4597">
     <span class='ocr_line' id='line_1_36' title="bbox 277 4431 1335 4506; baseline -0.002 -16"><span class='ocrx_word' id='word_1_261' title='bbox 277 4439 354 4505; x_wconf 73' lang='grc'><strong>4011.</strong></span> <span class='ocrx_word' id='word_1_262' title='bbox 385 4440 408 4492; x_wconf 89' lang='lat'>1.</span> <span class='ocrx_word' id='word_1_263' title='bbox 428 4433 577 4505; x_wconf 76' lang='grc' dir='ltr'><strong><em>ἤροθριάτε</em></strong></span> <span class='ocrx_word' id='word_1_264' title='bbox 596 4435 640 4486; x_wconf 78' lang='grc' dir='ltr'><strong><em>καὶ</em></strong></span> <span class='ocrx_word' id='word_1_265' title='bbox 659 4435 827 4503; x_wconf 75' lang='grc' dir='ltr'><strong><em>διετρέπεσθε</em></strong></span> <span class='ocrx_word' id='word_1_266' title='bbox 837 4433 914 4502; x_wconf 74' lang='grc'><strong>111110,</strong></span> <span class='ocrx_word' id='word_1_267' title='bbox 934 4431 1079 4506; x_wconf 72' lang='grc' dir='ltr'><strong><em>ἠρυθριᾶτε</em></strong></span> <span class='ocrx_word' id='word_1_268' title='bbox 1099 4434 1284 4504; x_wconf 70' lang='grc' dir='ltr'><strong><em>διετρέπεσθσι</em></strong></span> <span class='ocrx_word' id='word_1_269' title='bbox 1302 4433 1335 4491; x_wconf 91' lang='grc' dir='ltr'>Β.</span> 
     </span>
     <span class='ocr_line' id='line_1_37' title="bbox 167 4523 1239 4597; baseline -0.005 -18"><span class='ocrx_word' id='word_1_270' title='bbox 167 4527 211 4586; x_wconf 88' lang='lat' dir='ltr'>M.</span> <span class='ocrx_word' id='word_1_271' title='bbox 232 4527 375 4597; x_wconf 77' lang='grc' dir='ltr'><strong><em>ἒρυθριάιο</em></strong></span> <span class='ocrx_word' id='word_1_272' title='bbox 393 4525 438 4576; x_wconf 81' lang='grc' dir='ltr'><strong><em>καὶ</em></strong></span> <span class='ocrx_word' id='word_1_273' title='bbox 457 4525 623 4596; x_wconf 73' lang='grc' dir='ltr'><strong><em>διετρέπεσθε</em></strong></span> <span class='ocrx_word' id='word_1_274' title='bbox 642 4523 820 4594; x_wconf 75' lang='grc' dir='ltr'><strong><em>1,ἒρσθριάτε</em></strong></span> <span class='ocrx_word' id='word_1_275' title='bbox 840 4525 1009 4595; x_wconf 74' lang='grc' dir='ltr'><strong><em>διετρέπεσθε</em></strong></span> <span class='ocrx_word' id='word_1_276' title='bbox 1027 4540 1053 4579; x_wconf 84' lang='lat' dir='ltr'>v.</span> <span class='ocrx_word' id='word_1_277' title='bbox 1072 4541 1120 4577; x_wconf 60' lang='lat' dir='ltr'>m„</span> <span class='ocrx_word' id='word_1_278' title='bbox 1236 4567 1239 4574; x_wconf 95' lang='lat'><em>.</em></span> 
     </span>
    </p>
   </div>
   <div class='ocr_carea' id='block_1_6' title="bbox 0 0 1627 5312">
    <p class='ocr_par' dir='ltr' id='par_1_9' title="bbox 0 0 1627 5312">
     <span class='ocr_line' id='line_1_38' title="bbox 0 0 1627 5312; baseline 0 0"><span class='ocrx_word' id='word_1_279' title='bbox 0 0 1627 5312; x_wconf 95' lang='lat' dir='ltr'> </span> 
     </span>
    </p>
   </div>
  </div>
 </body>
</html>
