3234 5312
498 1423 548 1504 B.
590 1422 654 1504 De
681 1419 839 1504 Dionis
868 1419 921 1501 do
948 1419 1096 1522 patria
1124 1418 1309 1501 maritis.

432 1585 616 1670 Postquam
639 1582 797 1660 vidimus,
822 1601 908 1666 quae
932 1581 1057 1645 fuerint
1087 1581 1203 1674 Dionis
1235 1588 1345 1666 partes
1377 1581 1413 1646 in
1441 1583 1488 1646 in-

324 1691 493 1756 stituenda
516 1689 668 1768 dioecesi,
703 1710 794 1754 nuno
825 1688 1056 1774 quaerendum
1079 1694 1138 1766 est,
1168 1709 1336 1773 quaenam
1365 1689 1490 1754 fuerint

324 1799 396 1862 eius
420 1798 460 1862 de
485 1798 592 1883 patria
615 1797 742 1874 merita,
767 1795 808 1860 de
832 1795 956 1881 quibus
980 1795 1173 1880 saepissime
1195 1796 1363 1878 glorietur.
1404 1796 1490 1860 Sunt

324 1912 437 1972 autem
460 1912 526 1969 tres
550 1904 763 1989 potissimum
786 1903 952 1968 orationes
985 1903 1046 1988 [40‚
1071 1903 1124 1981 45,
1149 1903 1201 1988 47]
1230 1903 1293 1969 hac
1324 1903 1365 1968 de
1389 1924 1490 1970 causa

324 2012 511 2078 accuratius
535 2009 787 2078 examinandae.

431 2208 455 2273 I.
481 2208 521 2272 ln
545 2208 704 2273 orationis
727 2208 771 2272 40
784 2206 953 2292 prooemio
972 2206 1034 2271 Dio
1049 2227 1166 2271 causas
1191 2227 1401 2285 enumerans,
1418 2207 1489 2292 qui-

324 2315 388 2380 bus
412 2321 598 2391 moneatur,
623 2335 665 2379 ne
689 2313 788 2379 rebus
811 2312 954 2400 publicis
978 2313 1119 2393 studeat,
1153 2313 1241 2391 dicit,
1276 2335 1354 2378 oum
1377 2335 1489 2400 corpo-

323 2422 369 2486 ris
384 2422 611 2486 infirmitatem
632 2428 664 2486 et
679 2421 725 2486 rei
736 2421 909 2486 familiaris
926 2421 1059 2485 ruinam
1075 2421 1213 2485 tolerare
1225 2420 1362 2506 quidem
1376 2421 1490 2506 possit,

323 2529 423 2593 aliam
447 2549 518 2592 rem
542 2527 604 2592 sibi
627 2528 773 2614 graviori
795 2548 894 2594 curae
918 2548 1007 2593 esse:

428 2636 514 2713 403.
540 2636 569 2700 4.
620 2636 654 2722 l)
676 2638 749 2704 duat
774 2639 811 2703 δὲ
843 2632 862 2704 ὅ
891 2637 984 2720 λόγος
1024 2639 1102 2724 ἡμῖν
1132 2634 1218 2704 ἔστιν
1247 2638 1330 2726 ὑπὲρ
1360 2641 1416 2705 τοῦ
1443 2635 1489 2722 μή
1590 2681 1591 2684 ¹

326 2745 523 2834 ψεύσασθαι
548 2739 608 2828 τήν
624 2745 772 2833 πατρίδα
796 2745 878 2831 μηδὲ
894 2735 1116 2832 οἷποστερῆσαι
1128 2744 1187 2830 τὴν
1204 2741 1379 2828 ὑπόσχεσιν
1391 2747 1488 2827 ὑμᾶς,

326 2846 367 2938 ἢν
391 2849 608 2937 δτιεσχόμοδα
632 2851 771 2937 μηδενός
795 2852 1043 2934 ἀναγκάζοντος,
1076 2843 1229 2936 οδδαμοῖς
1259 2852 1381 2938 ῥᾳδίαν
1411 2851 1491 2918 odd&

322 2961 439 3042 ὀλίγων
463 2958 647 3046 χρημάτων,
671 2963 767 3024 τοῦτο
790 2960 883 3043 οἶμαι
906 2959 1054 3043 χαλεπὸν
1085 2970 1141 3024 καὶ
1169 2961 1291 3044 πολλῆς
1324 2959 1491 3047 φροντίδος

323 3060 438 3142 ἄξιον·
456 3055 492 3132 οὗ
515 3092 551 3146 ys
567 3066 665 3132 οὐδέν
679 3066 747 3132 ἐστι
765 3063 944 3156 βαρύτερον
959 3067 1034 3134 οὐδὲ
1045 3058 1256 3150 dosii-ipsvm
1279 3065 1335 3132 dm
1360 3068 1489 3133 πλείονι

325 3172 409 3262 τόκῳ
433 3173 572 3260 χάριτος.
591 3180 648 3239 καὶ
660 3173 754 3240 τοῦτό
771 3172 838 3239 ἔστι
856 3172 892 3238 ιδ
910 3165 1131 3257 α’ναίσχοντον
1143 3172 1275 3240 δάνειον
1286 3183 1342 3239 καὶ
1358 3174 1488 3264 πικρὸν,

322 3277 408 3347 δταν
430 3276 525 3364 οἶμαι
537 3281 583 3369 τῷ
593 3276 771 3368 βραδύνειν
783 3284 803 3365 ἡ
815 3277 910 3365 χάρις
923 3285 968 3359 εἰς
983 3289 1073 3367 χρέος
1088 3285 1234 3373 μεταστῇ
1251 3299 1256 3312 ·
1275 3275 1293 3345 δ
1314 3285 1363 3368 τῷ
1386 3290 1491 3348 παντὶ

321 3386 550 3475 χαλεπώτερον
574 3379 772 3454 οἷπαιτοῢσιν
795 3392 824 3454 οἱ
842 3391 1025 3466 σιωπῶντες
1047 3393 1114 3454 τῶν
1137 3383 1300 3465 βοιδντιον.
1338 3387 1368 3450 4.
1393 3387 1490 3456 οὐδὲν
1588 3421 1589 3424 “

321 3491 386 3582 γάρ
411 3491 493 3561 οὕτω
517 3494 658 3561 δύναται
680 3494 756 3573 τοδς
779 3495 968 3582 ὀφείλοντας
984 3495 1063 3580 ὑμῖν
1085 3491 1127 3560 τοὶ
1143 3501 1282 3562 τοιαῦτα
1306 3493 1489 3583 ὑπομιμνή-

322 3622 418 3675 σκειν,
444 3603 487 3680 ιδς
510 3595 545 3666 cd
569 3598 656 3686 ὑμᾶς
679 3601 886 3688 ἐκλελῆσθαι.

430 3706 525 3781 Quae
548 3704 651 3772 verba
675 3712 712 3770 ut
733 3706 972 3792 intelligantur,
997 3727 1131 3772 necesse
1155 3712 1204 3771 est
1231 3714 1490 3792 praemoneatur

322 3811 362 3877 de
387 3812 529 3898 pecunia
552 3812 700 3897 quadam
725 3813 855 3880 civibus
878 3813 1042 3898 promissa
1065 3813 1212 3898 quidem,
1246 3814 1304 3879 sed
1334 3815 1488 3881 nondum

322 3919 430 3984 soluta
452 3919 499 3984 ita
522 3919 692 4004 disputare
716 3921 869 3999 Dionem,
894 3920 991 4005 quasi
1014 3919 1056 3985 ab
1080 3920 1144 3985 illis
1168 3943 1223 3986 aes
1247 3921 1395 3987 alienum
1418 3945 1488 3988 sus-

321 4026 470 4114 cepisset.
526 4027 602 4102 Qua
631 4029 828 4113 metaphora
857 4027 1008 4106 efficitur,
1044 4034 1082 4092 ut
1115 4029 1288 4113 gratiam,
1317 4051 1420 4114 quam
1450 4053 1487 4096 se

321 4133 543 4198 Prusensibus
567 4132 750 4199 debitorem
773 4157 842 4200 non
868 4133 1064 4220 urgentibus
1086 4134 1208 4200 habere
1232 4135 1320 4215 dicit,
1344 4140 1485 4216 ,usurae’

322 4240 391 4305 sive
416 4240 558 4318 ,fenoris'
584 4240 704 4307 vocula
727 4243 900 4328 exprimat.
948 4242 1042 4308 Haec
1065 4241 1167 4328 igitur
1190 4242 1286 4308 dicit:

427 4510 501 4576 4⁰‚a
516 4513 541 4564 5.
551 4497 581 4559 οδ
594 4505 674 4577 yaori
681 4504 783 4578 ydpM.
798 4514 821 4562 ὁ.
831 4511 939 4562 πλείονι.
948 4510 1036 4560 πλέονι
1047 4510 1087 4567 Μ.
1101 4507 1328 4580 adiudicatae.
1340 4510 1487 4582 δφίλοντας
1585 4559 1586 4570 2

320 4595 360 4652 M.
390 4600 413 4650 3.
434 4593 557 4688 tpdch.
576 4596 616 4654 M.
636 4597 750 4652 Gasauh.
769 4613 790 4655 r.
810 4595 880 4668 ἡμᾶς
898 4614 923 4652 v.
943 4613 977 4652 m.
