3234 5312
648 299 868 365 ..13-

176 495 319 563 civitatis
360 497 466 561 salute
498 495 688 588 posthabita
725 496 864 579 privatis
903 493 1087 560 commodis
1119 494 1337 560 consulerent.

177 604 289 680 Quam
312 603 589 668 consuetudinem
613 602 807 688 improbans
831 603 895 668 Dio
920 623 1016 668 suam
1038 603 1075 667 in
1098 623 1137 666 ea
1160 623 1194 666 re
1211 600 1338 666 modes-

176 710 257 776 tiam
282 710 405 775 laudat.

284 835 369 914 45,8.
418 837 453 922 6)
476 837 552 914 ἔξδν
574 841 622 904 ἑνὶ
638 837 757 923 ῥήματι
773 839 916 905 κωλῦσαι
941 846 996 902 καὶ
1012 837 1223 902 καταστάντα
1240 862 1339 902 κατα-

175 952 318 1029 μηνῦσαι
332 944 368 1010 τά
387 941 577 1029 γιγνόμενον
592 956 648 1010 καὶ
672 951 749 1033 παρ’
774 945 895 1010 εἰδόσιν
917 945 996 1024 ὑμῖν
1019 954 1151 1020 καὶτοῖς
1174 940 1337 1028 ἡγεμόσιν.

176 1055 208 1114 εἰ
232 1053 268 1117 δὲ
287 1050 367 1135 μήτε
390 1053 482 1136 ὑμεῖς
512 1062 697 1140 προσείχετε
725 1052 807 1138 μήτε
838 1058 903 1116 τῶν
932 1045 1099 1137 ἡγεμόνων
1130 1047 1167 1115 τὸ
1199 1052 1338 1138 πρᾶγμα

175 1155 309 1244 ἥπτετο,
336 1160 373 1226 ου’
397 1159 545 1242 χαλεπόν
568 1150 609 1244 ἤν
631 1158 812 1224 ἐπιστεῖλαι
836 1161 881 1248 τῷ
905 1158 1125 1245 αὐτοκράτορι.

285 1285 372 1343 ‚cum
394 1264 479 1328 mihi
502 1264 614 1328 liceret
635 1264 688 1330 vel
711 1285 779 1328 uno
802 1263 904 1331 verbo
934 1284 1005 1328 rem
1039 1262 1214 1348 prohibere
1249 1264 1339 1327 etin

176 1370 350 1456 publicum
374 1369 551 1456 prodeunti
575 1391 622 1448 ea,
654 1391 741 1455 quae
771 1369 965 1455 agebantur,
991 1377 1023 1434 et
1051 1368 1141 1454 apud
1165 1391 1225 1436 vos
1248 1369 1339 1434 haud

175 1477 298 1543 inscios
326 1485 358 1542 et
381 1477 472 1563 apud
494 1478 662 1562 principes
685 1476 892 1542 denuntiare.
929 1477 987 1541 Sin
1011 1482 1124 1541 autem
1146 1497 1256 1562 neque
1280 1498 1339 1543 vos

176 1586 224 1649 rei
247 1584 457 1650 studuissetis
473 1606 582 1668 neque
607 1584 773 1669 principes
797 1583 840 1648 ad
863 1605 934 1649 rem
957 1583 1104 1669 aggressi
1127 1589 1246 1664 essent,
1270 1606 1339 1669 per·

175 1692 272 1757 facile
295 1693 360 1756 luit
383 1672 508 1756 litteras
531 1691 575 1756 ad
596 1691 832 1778 imperatorem
855 1691 952 1756 dares

283 1799 447 1864 Notabilis
471 1799 526 1863 hic
550 1799 642 1863 locus
666 1805 715 1863 est
737 1798 781 1863 ad
797 1798 1096 1864 demonstrandum
1112 1798 1230 1862 Dionis
1253 1797 1339 1862 inter

175 1907 266 1972 cives
288 1906 529 1983 auctoritatem,
555 1906 613 1991 qui
637 1913 748 1992 aperte
771 1907 930 1991 glorietur
953 1906 1049 1970 licere
1074 1904 1136 1970 sibi
1152 1905 1243 1968 omni
1260 1912 1338 1969 tem-

175 2034 256 2100 pore
279 2013 349 2079 sive
372 2013 562 2098 proconsuli
586 2013 655 2080 sive
678 2013 743 2098 ipsi
768 2013 959 2098 imperatori
982 2012 1138 2090 indicare,
1164 2012 1279 2097 siquae
1302 2012 1338 2075 in

175 2121 394 2185 Prusensium
411 2120 698 2184 administratione
715 2120 828 2184 minus
840 2119 1003 2206 probaret.
1030 2120 1105 2196 Qua
1121 2119 1162 2183 de
1178 2140 1213 2183 re
1225 2118 1338 2184 memi-

175 2228 283 2292 nerim
307 2232 436 2312 oportet
459 2248 534 2292 earn
550 2228 651 2292 fuisse
674 2227 892 2292 Prusensium
908 2226 1147 2303 condicionem,
1165 2233 1203 2291 ut
1219 2226 1338 2311 quovis

177 2336 338 2421 temporis
354 2340 523 2400 momento
539 2333 605 2398 illis
628 2335 810 2420 privilegiis
826 2355 846 2398 a
867 2333 1028 2399 Romanis
1044 2340 1181 2419 possent
1202 2333 1337 2419 privari.

283 2461 367 2539 45,9.
406 2462 437 2547 7)
459 2463 495 2528 τὸ
520 2468 582 2544 μὲν
606 2461 645 2546 δὴ
670 2461 726 2547 τῆς
748 2464 866 2546 βουλῆς
882 2457 964 2528 οὕτω
983 2458 1130 2547 διῳκήθη
1153 2460 1195 2526 τοὶ
1219 2455 1337 2543 γ’άλλα

177 2569 308 2658 ὀρθῶς·
331 2568 403 2636 οὔτε
420 2564 484 2657 γάρ
499 2569 640 2656 φαύλους
657 2568 729 2636 οὔτε
746 2569 899 2647 άναξίους
915 2563 1038 2657 ἄνδρας
1062 2565 1337 2657 ἐχειροτονήσατε·

178 2674 266 2761 πλήν
301 2673 352 2741 ὅτι
386 2676 508 2748 πάντες
552 2682 608 2760 τῆς
642 2678 710 2759 ἴσης
744 2671 894 2759 τυχόντες
927 2674 1028 2760 τιμῆς,
1066 2688 1172 2741 καίτοι
1208 2676 1339 2751 δικαίως

177 2783 390 2867 τυγχάνοντες
413 2793 468 2849 καὶ
494 2782 534 2848 δι’
562 2777 689 2861 crivotis,
715 2780 811 2867 ὅμως,
837 2783 997 2869 καθάπερ
1021 2788 1050 2850 ot
1074 2783 1257 2868 μυούμενοι,
1284 2807 1339 2864 μο-

178 2897 354 2973 σταγωγῶν
377 2887 573 2977 ἐδεήθησαν.

284 3013 401 3099 Itaque
425 3019 500 3098 post
522 3013 631 3078 minas
654 3014 727 3078 illas
751 3013 866 3078 mitius
899 3014 968 3100 agit
1000 3034 1078 3078 cum
1111 3012 1240 3080 civibus
1264 3013 1338 3077 Dio.

177 3121 265 3184 Nam
289 3142 389 3197 nunc,
414 3127 593 3206 postquam
616 3121 812 3206 gravissime
837 3141 892 3186 eos
915 3120 1127 3206 vituperavit,
1153 3119 1243 3205 quod
1274 3121 1337 3185 lac-

177 3227 259 3292 tiose
284 3233 437 3292 senatum
461 3228 718 3305 constituissent,
751 3229 873 3292 latetur
902 3228 1046 3313 patriam
1074 3226 1236 3292 damnum
1259 3227 1338 3292 inde

176 3357 246 3400 non
284 3335 419 3421 cepisse,
456 3356 534 3399 cum
567 3334 647 3399 boni
686 3334 846 3420 dignique
884 3334 947 3400 viri
984 3335 1021 3398 in
1056 3341 1207 3400 senatum
1244 3334 1337 3399 electi

177 3449 295 3508 essent.
342 3442 460 3527 Neque
483 3464 562 3508 vero
585 3443 638 3508 vel
661 3441 716 3506 hic
739 3463 838 3507 suum
874 3441 914 3507 de
950 3448 1067 3508 senatu
1100 3441 1261 3507 iudiciuin
1292 3463 1339 3505 re-

176 3551 264 3628 ticet,
289 3571 367 3614 cum
390 3548 478 3614 dicat
500 3549 641 3614 nimiam
665 3549 894 3614 auctoritatem
910 3549 1127 3636 popularibus
1145 3529 1350 3614 concessam⁸

177 3679 259 3736 esse,
288 3657 368 3742 quia
392 3678 507 3722 omnes
543 3664 710 3722 senatores
745 3657 817 3743 pari
853 3657 978 3723 honore
1013 3658 1211 3736 fruerentur,
1248 3656 1340 3742 quod

283 3983 325 4033 45.
337 3983 361 4033 8.
384 3983 406 4035 l.
425 3980 470 4030 καὶ
488 3975 654 4030 καταστάντα
673 3985 860 4048 καταμηνῡσαι
879 3979 954 4035 Geel.
973 3978 1017 4030 καὶ
1032 3974 1213 4036 καταστάντας
1232 3978 1275 4029 καὶ
1292 3997 1340 4048 μη-

176 4076 259 4122 νῦσαι
277 4068 347 4123 libri.
362 4069 406 4120 καὶ
418 4064 585 4120 καταστάντα
603 4072 722 4138 μηνῦσαι
740 4067 882 4134 Wyttenb.
901 4069 936 4120 ad
949 4067 1022 4121 Plut.
1041 4067 1111 4121 Mor.
1131 4083 1176 4134 pg.
1190 4071 1240 4120 924
1255 4067 1340 4121 Oxon.

175 4163 343 4212 serenatione
363 4159 407 4210 καὶ
418 4162 535 4228 μηνῦσαι
548 4157 658 4211 Reiske.
672 4159 716 4208 καὶ
736 4154 899 4208 καταστάντα
923 4157 966 4208 καὶ
983 4161 1102 4227 μηνῦσαι
1120 4155 1228 4224 Pflugk.
1248 4158 1292 4208 καὶ
1302 4153 1340 4228 μή

175 4244 321 4312 καταστάν,
339 4252 458 4317 μηνῦσαι
472 4245 623 4312 suspicatur
636 4247 713 4313 limp.
750 4251 774 4303 3,
785 4253 942 4318 προσείχετε.
956 4252 1089 4317 προείχετε
1100 4245 1133 4299 B.
1144 4245 1183 4299 M.
1196 4250 1221 4298 4.
1241 4243 1341 4311 ἥπτετο.

175 4336 257 4402 ἤντετο
278 4336 317 4392 Μ.
333 4367 358 4376 —
376 4336 518 4389 ἐπιστεῖλαι
537 4335 646 4390 Reiske.
666 4335 812 4388 ἐπιτελέσαι
831 4334 901 4392 libri.

282 4430 355 4496 45‚a.
383 4429 405 4479 1.
428 4423 495 4478 οὕτω
517 4443 567 4480 om.
578 4425 618 4480 M.
639 4455 670 4464 —-
691 4423 723 4477 τά
734 4426 770 4495 γ’.
789 4422 855 4477 τοὶδυ
869 4424 902 4479 Β.
913 4424 953 4478 Μ.
975 4430 999 4482 2.
1019 4422 1240 4496 ἐχειροτονήσατε.
1259 4424 1342 4496 &ppo-

175 4513 305 4582 τονῆσατε
323 4515 364 4574 M.
