3234 5312
781 345 978 410 ..4.-

300 544 471 629 regionem
487 543 773 622 administrabant,
799 549 831 607 et
846 541 886 606 de
904 541 960 619 eis,
984 540 1159 625 inquibus
1182 540 1252 606 sive
1268 544 1460 624 propraetor

300 651 474 716 Romanus
497 651 567 717 sive
591 650 763 715 domestici
786 650 1001 733 magistratus
1024 647 1148 712 iudicia
1162 646 1381 711 instituebant
1406 644 1457 733 [01.

300 757 496 844 Marquardt
518 758 615 836 356,5
640 762 672 822 et
695 756 813 843 34121.

409 865 522 931 Verba
557 865 659 949 igitur
681 863 737 928 illa
759 864 796 928 in
826 863 1022 930 universum
1052 862 1140 928 dicta
1168 868 1247 928 sunt
1270 861 1310 926 de
1334 861 1460 944 optima

304 972 439 1037 urbium
462 971 666 1049 condicione,
701 992 810 1056 neque
847 970 887 1035 de
922 971 1027 1056 ipsius
1056 971 1180 1035 Prusae
1214 969 1353 1034 historia
1382 967 1460 1032 inde

304 1078 491 1164 quidquam
507 1079 583 1143 licet
598 1078 760 1162 colligere.
797 1077 862 1143 Sed
874 1077 1001 1143 accedit
1017 1082 1036 1158 ξ
1053 1078 1095 1142 33
1119 1076 1269 1142 eiusdem
1285 1077 1458 1140 orationis:

406 1186 515 1264 40,33.
552 1185 584 1272 2)
609 1197 664 1253 καὶ
680 1186 744 1272 μὴν
766 1187 802 1252 τὸ
828 1194 889 1254 νῦν
905 1186 1110 1272 συμβεβηκός
1126 1196 1201 1274 περὶ
1223 1183 1283 1270 τήν
1298 1180 1461 1270 ἡμετέραν

303 1294 401 1360 πόλιν
425 1293 461 1360 ad
485 1301 547 1379 μὲν
570 1295 695 1378 atqua
719 1289 863 1360 ἅπτεται
891 1294 1022 1359 πολλῶν
1045 1302 1101 1358 καὶ
1124 1296 1224 1370 κνίζει
1247 1291 1321 1370 τούς
1345 1285 1461 1369 ἄλλους

302 1397 441 1479 πάντας,
468 1399 519 1466 ὅτι
543 1396 581 1486 (λη’
605 1399 665 1479 τοὶς
699 1401 791 1479 δίκας
825 1403 913 1486 ὑμεῖς
948 1401 1157 1485 ἀποδέχεσθε
1191 1410 1247 1466 καὶ
1282 1397 1360 1486 παρ’
1383 1401 1461 1485 ὑμῖν

301 1509 420 1586 αὐτούς
436 1505 563 1595 ἀνάγκη
593 1515 766 1597 κρίνεσθαί
789 1559 795 1571 .
821 1558 827 1570 .
855 1559 860 1570 .
888 1558 893 1570 .
920 1499 1038 1574 αὐτίκα
1063 1509 1212 1597 πρέσβεις
1235 1510 1264 1572 ολ
1287 1532 1462 1593 χειροτονη-

301 1619 416 1693 θέντες
439 1615 496 1680 ἐπὶ
531 1619 627 1680 τοῦτο
660 1610 696 1678 cd
732 1617 869 1704 πρᾶγμα
905 1611 1016 1681 πόθεν
1050 1613 1191 1680 οἲπίασιν
1199 1643 1208 1692 ;
1233 1606 1289 1680 oda
1313 1615 1443 1680 ἐκεῖθεν
1451 1643 1461 1691 ;
1500 1671 1503 1676 ,
1593 1625 1594 1640 ’

303 1769 442 1785 .....
467 1720 491 1808 ἢ
513 1717 616 1810 κύκλῳ
649 1731 824 1811 περιίασιν,
855 1718 964 1810 ὅσπερ
995 1719 1141 1807 χαλεπῆς
1171 1732 1227 1786 καὶ
1257 1711 1384 1799 α’βάτον
1406 1727 1463 1806 τῆς

302 1827 395 1910 ἔγγύς
417 1829 494 1914 ἡμῖν
526 1830 713 1912 3αλάσσης;

411 1951 497 2029 ,Jam
509 1950 600 2036 quod
613 1973 720 2036 nuper
733 1951 773 2016 de
786 1952 918 2018 civitate
934 1958 1047 2017 nostra
1063 1952 1182 2029 evenit,
1199 1973 1325 2018 revera
1340 1951 1463 2017 multos

305 2057 413 2143 tangit
436 2065 468 2123 et
491 2065 616 2123 ceteros
640 2080 756 2124 omnes
780 2060 910 2144 premit,
944 2058 1035 2144 quod
1068 2080 1127 2125 vos
1155 2080 1272 2124 causas
1296 2059 1463 2144 suscipitis

302 2172 334 2229 et
368 2164 459 2251 apud
493 2187 554 2232 vos
590 2165 663 2230 11100
698 2165 838 2231 iudicari
868 2187 1002 2232 necesse
1026 2172 1075 2231 est
1101 2219 1106 2230 .
1134 2216 1140 2228 .
1168 2219 1172 2230 .
1201 2218 1207 2231 .
1233 2165 1339 2251 quid?
1363 2166 1463 2252 legati

302 2270 345 2335 ad
374 2270 408 2335 id
446 2271 559 2357 ipsum
595 2272 697 2350 eiecti,
733 2272 823 2338 unde
859 2273 1024 2338 exibunt?
1070 2272 1190 2337 Nonne
1213 2272 1330 2338 illinc?
1356 2325 1361 2337 .
1388 2327 1393 2338 .
1422 2327 1427 2338 .
1455 2326 1462 2338 .

302 2383 361 2442 aut
383 2377 506 2443 circulo
530 2378 763 2458 circumibunt,
793 2381 889 2465 quasi
921 2400 1058 2446 saevum
1083 2386 1115 2444 01
1137 2379 1269 2448 invium
1300 2381 1342 2445 sit
1372 2401 1464 2446 marc

304 2484 401 2549 nobis
424 2485 604 2549 finitimum
618 2485 642 2548 3

409 2611 461 2674 Ex
484 2610 607 2694 quibus
630 2611 741 2677 verbis
765 2618 903 2696 apparet
924 2611 1150 2676 iurisdictione
1174 2619 1260 2677 certe
1285 2613 1466 2678 Prusenses

305 2717 368 2781 hoc
392 2717 550 2802 temporis
574 2724 744 2782 momento
781 2719 849 2782 iam
882 2719 957 2782 11111.
1006 2718 1113 2783 Simul
1136 2719 1298 2804 particula
1321 2729 1381 2790 νῦν
1404 2721 1466 2786 (110-

304 2824 411 2889 cimus
434 2845 558 2890 novam
581 2824 668 2890 hanc
693 2845 763 2890 esse
787 2825 1041 2903 institutionem,
1065 2847 1163 2912 porro
1187 2826 1370 2892 multorum
1393 2829 1467 2894 iura

303 2930 487 2996 honoribus
511 2931 732 2996 Prusensibus
756 2931 873 2997 oblatis
901 2933 994 3018 tangi
1019 2937 1157 3016 [πολλῶν
1181 2933 1343 3021 dimetati.
1392 2934 1467 3001 Sus-

307 3038 416 3123 001001
431 3044 544 3103 autem
562 3038 769 3124 Apamenses
788 3039 848 3104 hos
862 3061 932 3105 esse
945 3046 977 3105 et
989 3041 1069 3125 quia
1085 3042 1307 3107 Prusensibus
1320 3043 1466 3107 maxime

305 3150 384 3209 sunt
407 3144 524 3210 affines
549 3152 579 3210 01
603 3152 738 3232 0100101
761 3148 1010 3227 controversias,
1037 3170 1121 3233 quas
1138 3149 1239 3214 1111000
1256 3171 1294 3214 00
1318 3155 1466 3235 tempore

306 3251 522 3336 gravissimas
546 3252 632 3318 inter
654 3253 715 3318 bas
739 3253 837 3319 urbes
861 3276 902 3319 ex
925 3254 998 3340 ipsa
1021 3255 1083 3321 bac
1107 3256 1255 3321 oratione
1279 3263 1310 3322 et
1334 3279 1375 3322 ex
1398 3278 1466 3322 ora-

305 3359 394 3424 tione
417 3359 458 3424 41
484 3359 653 3425 discimus.
700 3360 748 3425 cf.
773 3367 857 3446 part.
882 3362 923 3426 D.

412 3484 476 3548 His
500 3492 716 3570 opponuntur
750 3490 780 3553 οί
816 3487 909 3554 ἄλλοι
941 3489 1074 3569 πάντες,
1110 3489 1169 3574 qui
1203 3489 1467 3554 iurisdictionem

305 3590 523 3656 Prusensium
552 3613 649 3678 aegre
683 3594 799 3659 ierant.
847 3593 961 3679 Atqui,
998 3595 1025 3658 si
1060 3596 1230 3682 probabile
1262 3599 1467 3665 001πολλοῖν

306 3695 447 3766 ἅπτεται
493 3698 559 3763 (1101
580 3698 701 3778 (10010,
727 3700 786 3785 qui
816 3706 914 3765 antea
943 3701 983 3766 de
1007 3702 1225 3768 Prusensium
1247 3704 1321 3770 vico
1345 3704 1467 3769 iudica-

305 3812 432 3884 verant,
462 3813 491 3873 οί
515 3806 607 3872 ἄλλοι
630 3810 753 3888 πάντες
787 3807 966 3874 verisimile
1001 3818 1050 3874 001
1082 3810 1268 3896 significare
1305 3833 1369 3890 eos,
1407 3813 1468 3897 qui

305 3933 396 3977 nunc
419 3912 620 3977 iudiciorum
643 3935 744 3979 causa
767 3921 929 3998 cogantur
952 3937 986 3980 se
1010 3917 1151 3982 Prusam
1174 3919 1332 3983 conferre.

414 4036 609 4122 Sequuntur
631 4038 734 4104 verba
757 4039 877 4108 αὐτίκα
902 4062 950 4125 sq.
997 4040 1051 4106 Ad
1074 4063 1161 4127 quae
1184 4043 1339 4109 Rciskius
1368 4043 1467 4109 adno-

304 4143 388 4210 tavit
414 4143 465 4230 [IL
489 4167 543 4234 pg.
573 4144 717 4233 175,93]:
753 4146 861 4232 ,legati
887 4147 1029 4212 Prusani
1052 4149 1195 4214 Romam
1225 4151 1390 4231 mittendi,
1424 4152 1468 4217 ad

305 4341 620 4352 ——-—-——-

412 4450 500 4516 40,33.
536 4453 560 4502 3.
581 4447 717 4513 (11.11ῖΒ
737 4449 903 4517 [Ρο11011110].
929 4453 954 4506 4.
970 4452 1002 4508 οἱ,
1022 4451 1053 4504 ου’
1066 4453 1105 4507 Μ.
1132 4458 1155 4508 5.
1168 4449 1194 4504 τὰ
1214 4469 1300 4506 cmm
1319 4453 1470 4522 [Moratlus]

305 4541 329 4590 6.
348 4542 490 4610 περιίασιν,
508 4544 630 4608 περίασιν
648 4538 682 4592 Β.
704 4538 743 4592 Μ.
