3234 5312
636 366 853 430 ..17-

160 577 285 623 munus
309 559 535 637 honorarium,
561 559 747 646 dependere
765 561 907 627 debebat
931 563 1089 626 Conferas
1106 563 1147 627 de
1171 585 1205 628 re
1229 564 1330 628 usita-

160 666 288 730 tissima
316 666 512 751 Marquardt
547 667 640 747 ²IV‚l
670 669 731 733 tao
764 675 796 733 et
826 669 931 732 Kubn
956 669 1165 754 Veriassung
1189 670 1221 735 d.
1247 680 1328 735 rom.

160 773 282 837 Reichs
305 773 330 851 Ι,
342 774 393 838 53.

266 880 340 944 Hoc
365 880 466 966 igitur
484 881 614 947 videtur
632 883 695 947 Dio
713 904 854 948 curasse.
892 883 943 947 Ex
967 905 1034 968 quo
1059 884 1159 948 simul
1176 883 1329 950 videmus

161 988 304 1052 Dionem
328 995 464 1052 senatus
488 988 625 1073 quidem
642 989 839 1054 instituendi
854 990 1019 1054 rationem
1035 990 1251 1075 improbasse,
1270 991 1328 1056 sed

159 1093 315 1159 instituto
341 1095 472 1160 favisse.
509 1095 593 1160 Tota
616 1097 705 1160 enim
723 1097 827 1161 oratio
843 1098 887 1161 48
903 1096 1030 1162 indicat
1052 1097 1166 1182 ipsum
1184 1097 1330 1162 Dionem

163 1201 268 1265 fuisse
292 1208 479 1266 senatorem
504 1209 536 1267 ot
558 1224 634 1267 cum
653 1210 772 1268 senatu
796 1210 865 1268 arte
889 1225 965 1268 eum
985 1204 1201 1269 coniunctum
1227 1204 1329 1270 fuisse

159 1314 323 1373 testantur
346 1309 447 1374 etiam
471 1310 636 1375 orationes
660 1312 712 1374 43.
738 1312 790 1382 49,
816 1313 867 1376 50.
901 1345 906 1356 ·

266 1415 396 1480 Deinde
428 1437 506 1482 vero
535 1439 576 1481 ex
606 1417 716 1483 verbis
747 1418 816 1485 α’πό
848 1426 915 1485 τῶν
945 1419 1115 1507 προσόδων
1138 1420 1329 1506 ηιῗξημίνιιιν

161 1524 217 1590 ota
234 1521 293 1608 niv
310 1526 465 1609 διοίκησιν
481 1525 634 1589 concludi
652 1525 750 1590 debet
765 1526 883 1590 Dionis
900 1526 935 1589 in
953 1527 1106 1612 διοικήσει
1123 1524 1330 1590 instituenda

164 1630 267 1694 fuisse
293 1631 404 1714 partes¹
427 1631 613 1716 primarias.
647 1632 764 1716 Itaque
789 1632 879 1697 hunc
903 1633 1013 1697 locum
1038 1639 1075 1696 ut
1090 1633 1190 1710 40‚14
1214 1633 1329 1717 negari

160 1736 277 1821 nequit
300 1736 487 1823 discrepare
511 1759 588 1802 curn
611 1739 817 1804 orationibus
841 1739 884 1802 44
908 1745 941 1818 et
963 1739 1015 1804 45.
1098 1759 1099 1762 ’

268 1933 342 2008 Quo
367 1932 526 1998 differant
548 1934 650 2019 igitur
674 1934 805 2000 diversa
828 1935 885 2000 illa
901 1935 1019 2000 Dionis
1042 1935 1083 2000 de
1100 1935 1258 1999 Prusensi
1274 1933 1328 1998 ad-

159 2039 405 2105 ministratione
428 2041 561 2118 iudicia,
576 2042 724 2127 exposui.
758 2043 994 2108 Diversitatem
1008 2043 1127 2128 ipsam,
1145 2041 1328 2126 quominus

160 2145 377 2231 explicemus
403 2167 440 2212 eo
464 2147 678 2233 impedimur,
704 2148 795 2234 quod
831 2149 871 2213 de
898 2149 1023 2213 Prusae
1046 2149 1185 2214 historia
1208 2169 1327 2233 parum

160 2253 295 2318 scimus.
331 2253 484 2320 Fortasse
505 2243 576 2319 'non
601 2254 709 2320 solum
733 2256 908 2340 privilegia
930 2255 989 2320 illa
1013 2256 1162 2322 voluerat
1186 2255 1249 2318 Dio
1273 2276 1327 2340 pa-

159 2360 241 2425 triae
265 2361 453 2446 impetrare‚
483 2361 539 2426 sed
564 2363 672 2448 ipsam
698 2362 943 2450 αιῖτονομίιιν*).
977 2361 1231 2427 Intercedebant
1262 2362 1327 2441 alii,

159 2466 218 2552 qui
242 2475 372 2552 partem
401 2490 526 2544 eorum,
559 2491 645 2556 quae
676 2470 739 2534 Dio
769 2470 898 2534 institui
930 2471 1090 2546 voluerat,
1125 2469 1328 2554 promptiore

158 2575 215 2641 via
237 2575 462 2660 perficiebant.
495 2578 671 2653 ,Quorum
704 2583 736 2650 et
767 2578 928 2660 rationem
948 2576 1168 2666 improbavit
1198 2577 1261 2640 Dio
1295 2583 1327 2640 et

158 2703 257 2767 aegre
281 2682 357 2747 tulit
380 2683 515 2748 laudem
534 2685 771 2749 beneficiorum
789 2684 857 2750 ‘sibi
875 2691 1024 2769 ereptam
1047 2705 1127 2749 esse.
1164 2683 1229 2748 Sed
1249 2683 1326 2748 nolo

159 2789 360 2854 coniecturis
384 2790 568 2876 indulgere.

267 3093 292 3164 ·)
312 3095 381 3149 Erat
400 3094 469 3148 onim
489 3094 576 3148 Prusa
599 3094 680 3148 etiam
699 3100 759 3162 post
778 3095 910 3159 διοίκησιν
929 3090 1083 3147 institutam
1103 3093 1166 3148 urbs
1195 3083 1325 3155 subiecta.

160 3184 222 3254 Qua
242 3183 275 3238 de
297 3199 326 3238 re
346 3184 380 3240 cf,
408 3200 476 3251 quae
502 3200 582 3251 supra
602 3183 711 3250 exposui
731 3190 862 3238 ettotam
886 3183 1032 3238 orationem
1060 3187 1102 3251 48,
1128 3199 1181 3248 que
1199 3182 1326 3242 discimus

159 3290 193 3328 ne
207 3273 357 3327 contionem
371 3273 478 3339 quidem
492 3273 583 3340 populi
597 3289 742 3326 convocare
756 3272 866 3326 urbanis
884 3272 1090 3339 magistratibus
1109 3271 1161 3324 nisi
1180 3271 1326 3350 impetra-ta

158 3363 325 3430 proconsulis
344 3362 423 3417 venia
442 3363 476 3430 [v.
496 3362 568 3416 infra
587 3369 654 3430 part.
675 3362 709 3430 E]
728 3362 844 3415 licuisse.
1168 3365 1170 3372 ’
