3234 5312
781 357 1000 424 ..12-

312 554 376 618 Dio
400 554 490 620 cives
513 577 569 620 eos
584 553 762 640 vituperat,
787 555 846 639 qui
869 553 980 639 paullo
997 559 1104 630 antea,
1128 574 1206 618 cum
1229 574 1281 618 res
1296 551 1471 619 videbatur

311 683 431 746 parum
445 662 631 747 procedere,
647 661 771 747 gaudio
787 660 1012 726 exsultabant:
1037 662 1059 748 ξ
1075 663 1095 726 6
1111 675 1218 728 καίτοι
1240 664 1405 728 καὶτοῦτο
1421 681 1469 744 sq.

416 767 487 832 Iam
512 791 599 848 vero,
617 770 644 834 si
661 769 730 834 dixi
747 769 828 834 haec
845 769 959 833 omnia
983 768 1026 832 ad
1050 789 1088 833 ea
1104 767 1278 853 privilegia
1301 765 1472 831 referenda

311 896 391 953 esse,
416 897 560 961 quorum
579 898 656 962 pars
673 877 773 940 fuerit
790 882 934 953 senatus
951 874 1075 953 videas
1101 874 1269 960 quomodo
1293 874 1374 938 haec
1398 894 1471 938 con-

310 983 485 1048 firmentur
507 983 618 1050 verbis
633 984 656 1069 ξ
672 985 691 1048 6
709 981 976 1077 ἀντιγράψαντος
998 995 1072 1073 περὶ
1089 991 1144 1070 τῆς
1162 983 1350 1067 διοικήσεως.
1384 981 1471 1044 Nam

312 1096 446 1155 senatus
482 1091 657 1170 institutio,
690 1090 731 1155 de
755 1111 822 1176 qua
852 1090 1000 1174 disputat
1029 1089 1093 1154 Dio
1123 1094 1142 1171 ξ
1173 1089 1290 1167 7-10,
1322 1093 1473 1173 pareest

313 1196 503 1284 διοικήσεως.

417 1305 580 1370 Videmus
597 1305 699 1390 igitur
713 1308 868 1390 διοίκησιν
881 1304 989 1389 ipsam
1005 1304 1145 1390 probare
1161 1303 1314 1380 Dionem,
1333 1301 1471 1366 modum

311 1411 509 1497 improbare,
536 1433 603 1497 quo
632 1412 784 1477 instituta
807 1412 857 1477 sit.
896 1413 1016 1488 Quare,
1042 1411 1069 1476 si
1096 1410 1166 1475 dixi
1191 1410 1253 1496 [pg.
1280 1409 1308 1495 6]
1334 1431 1374 1473 ex
1400 1409 1472 1474 loco

309 1519 408 1596 40,14
444 1524 476 1584 et
497 1520 594 1598 48,11
620 1519 773 1584 concludi
797 1519 916 1584 debere
942 1522 1097 1607 διοίκησιν
1121 1518 1238 1583 Dionis
1270 1537 1370 1602 opera
1401 1537 1472 1581 esse

309 1626 532 1710 impetratam,
557 1626 665 1691 obstat
684 1626 762 1691 huic
786 1625 935 1691 oratio
960 1627 1020 1690 45.

416 1733 481 1798 Sed
505 1755 595 1799 nuno
618 1733 716 1798 redeo
739 1732 783 1798 ad
806 1739 826 1816 ξ
850 1734 879 1798 7.

415 1841 535 1919 45,7,8.
553 1839 585 1927 5)
596 1841 617 1927 ή
629 1844 821 1911 τούναντίον
834 1841 889 1910 οδκ
902 1840 1036 1908 ἔλαττον
1050 1839 1169 1909 έκατδν
1181 1843 1362 1920 βουλευτῶν
1374 1868 1471 1907 κατα-

310 1950 465 2030 λεγέντων
488 1955 588 2036 ἕτεροι
610 1957 672 2034 μὲν
696 1946 866 2034 εἰσήγαγον
889 1952 998 2034 φίλους
1021 1941 1134 2016 αδτοῖν
1150 1956 1206 2014 καὶ
1223 1948 1473 2037 παρεσκεύασαν

309 2050 397 2129 ὅπως
421 2061 526 2134 ἕξουσι
540 2057 613 2134 τούς
630 2057 946 2141 συναγωνιζομένους
970 2067 1025 2122 καὶ
1040 2060 1257 2142 βοηθοῦντας,
1275 2057 1320 2134 οἷς
1334 2055 1377 2121 ἄν
1393 2081 1472 2122 ποτε

309 2163 469 2229 ἐθέλωσιν
592 2164 620 2226 8.
646 2160 790 2249 μάλιστα
815 2171 876 2250 μὲν
898 2164 961 2253 γαρ
978 2165 1087 2250 ήξίουν
1109 2165 1190 2249 μηδὲ
1217 2169 1323 2251 ἕτερον
1345 2163 1471 2248 μηδένα

310 2276 456 2338 τοιοῦτον
480 2269 559 2350 ἔθος
582 2271 724 2352 εἰσάγειν
747 2272 830 2357 μηδὲ
854 2276 934 2337 καθ’
959 2275 1123 2360 ἑταιρείας
1140 2271 1374 2338 πολιτεύεσθαι
1397 2271 1472 2354 μηδ’

311 2383 355 2450 εἰς
377 2387 457 2464 μέρη
482 2379 630 2469 διασπᾷν
653 2378 712 2463 τήν
735 2379 843 2444 πόλιν.

417 2483 544 2562 ,Immo
569 2504 647 2548 cum
671 2505 740 2548 non
763 2484 875 2549 minus
899 2505 1002 2568 quarn
1025 2490 1159 2548 centum
1185 2487 1352 2548 senatores
1376 2483 1470 2567 elige-

309 2596 434 2668 rentur,
459 2591 514 2654 alii
538 2591 662 2656 amicos
686 2590 907 2669 adduxerunt,
940 2597 973 2655 et
1003 2596 1213 2666 curaverunt,
1244 2596 1281 2654 ut
1312 2589 1474 2654 haberent

310 2698 460 2763 faventes
481 2697 744 2782 adiuvantesque
761 2698 871 2763 adres
895 2697 1126 2782 adipiscendas
1143 2717 1373 2782 quascumque
1389 2697 1474 2762 vole-

310 2804 435 2869 bant..
454 2856 459 2868 .
496 2805 613 2889 Neque
630 2805 720 2870 enim
736 2805 865 2870 ullirei
882 2804 989 2890 magis
1013 2804 1197 2882 studebam,
1223 2826 1326 2888 quam
1348 2810 1385 2869 ut
1408 2825 1474 2868 mo-

310 2932 434 2989 nerem,
458 2933 500 2976 ne
517 2909 592 2996 quis
616 2912 700 2976 alius
724 2913 823 2977 talem
851 2911 1128 2977 consuetudinem
1145 2911 1367 2976 introduceret
1389 2933 1473 2976 neve

310 3039 351 3082 ex
374 3018 557 3083 factionum
581 3017 717 3083 arbitrio
741 3041 792 3084 res
815 3018 968 3104 publicae
992 3024 1169 3103 agerentur
1191 3039 1275 3084 neve
1305 3018 1340 3082 in
1363 3024 1474 3103 partes

310 3125 428 3191 civitas
452 3124 708 3192 distraheretur.'

419 3231 540 3318 Agitur
562 3232 616 3297 hio
641 3232 681 3297 de
711 3232 820 3318 prima
848 3237 1038 3297 senatorum
1063 3232 1221 3297 electione
1253 3239 1285 3296 et
1315 3217 1474 3298 discimus

310 3339 495 3404 constitisse
520 3346 673 3404 senatum
704 3361 744 3404 ex
775 3346 911 3404 centum
940 3339 1143 3418 hominibus,
1169 3361 1269 3424 quem
1293 3360 1474 3404 numerum

310 3446 459 3512 aDione
483 3468 552 3511 non
575 3446 707 3531 probari
732 3447 979 3511 demonstratur
1001 3446 1111 3512 verbis
1143 3453 1239 3524 recte,
1271 3453 1308 3510 ut
1331 3446 1474 3520 videtur,

309 3575 329 3618 a
352 3553 432 3619 viris
455 3552 560 3619 doctis
587 3554 634 3618 ita
652 3553 854 3618 constitutis:
873 3547 930 3622 οδιι
946 3553 1078 3622 ἔλαττον
1102 3555 1229 3621 ἑκατόν.
1263 3553 1473 3638 Vituperatio

310 3667 432 3739 autem,
457 3683 543 3746 quae
572 3661 607 3724 in
637 3660 690 3726 his
713 3660 824 3727 verbis
855 3661 943 3738 latet,
977 3661 1130 3745 congruit
1160 3681 1238 3725 cum
1270 3661 1341 3725 loco
1372 3681 1475 3745 supra

310 3774 448 3833 tractato
467 3767 593 3854 [40,14],
608 3790 649 3833 ex
662 3790 728 3854 quo
745 3768 868 3833 scimus
885 3768 1007 3832 multos
1025 3768 1205 3832 Prusenses
1221 3789 1264 3832 ne
1281 3789 1319 3832 eo
1336 3767 1474 3852 quidem

310 3897 450 3940 numero
474 3881 646 3940 contentos
670 3876 781 3940 tuisse.
815 3874 944 3940 Deinde
968 3874 1031 3939 Dio
1049 3875 1159 3939 statim
1177 3874 1298 3940 abusos
1323 3875 1473 3940 essehoc

310 3989 444 4048 senatus
468 3983 641 4068 privilegio
666 3984 848 4048 Prusenses
871 3982 990 4066 arguit,
1038 3981 1211 4046 Studuisse
1235 3983 1326 4047 enirn
1354 4003 1472 4046 unum-

309 4111 478 4175 quemque
502 4091 790 4176 quamplurimos
814 4089 938 4154 amicos
961 4090 997 4153 in
1022 4095 1175 4154 senatum
1199 4089 1378 4168 insinuare,
1414 4089 1473 4174 qui

416 4396 484 4462 45,7.
524 4398 548 4449 1,
568 4391 615 4445 oriz
629 4394 734 4445 ἔλαττον
753 4391 848 4445 ἑκατὸν
866 4407 886 4446 r.
899 4393 1005 4444 ἔλαττον
1023 4389 1074 4463 οὔχ
1084 4388 1254 4445 ἑκατδνΒΜ
1269 4407 1293 4445 v.
1308 4408 1342 4446 m.
1356 4387 1475 4444 ἐλάττων

309 4481 359 4555 οὐχ
378 4480 472 4534 ἑκατὸν
486 4499 555 4552 mrg.
570 4499 604 4536 m.
620 4483 734 4534 ἔλαττων
747 4480 796 4554 οὔχ
808 4478 904 4534 ἑκατὸν
918 4481 1031 4537 Casaub.
1048 4482 1154 4533 ἔλαττον
1167 4479 1183 4545 ή
1196 4478 1244 4552 οδχ
1257 4479 1352 4532 ἑκατὸν
1364 4479 1473 4538 Salden.

309 4578 333 4630 3.
340 4573 425 4634 ἕξουσι
433 4570 494 4630 toric
501 4574 533 4627 Β.
541 4573 582 4630 M.
593 4570 708 4632 τοδςοω.
718 4572 765 4626 rel.
777 4575 801 4625 8.
813 4577 837 4628 2.
845 4572 915 4642 μηδὲ
925 4572 990 4622 καθ’
1003 4572 1142 4641 ἑταιρείας.
1153 4569 1220 4641 μήτε
1230 4569 1295 4621 καθ’
1305 4571 1421 4640 ἑταιρίας
1431 4571 1473 4630 Μ,
