3234 5312
650 303 870 370 ...27-

175 510 213 586 od
225 520 309 608 λόγῳ
322 520 425 604 μόνον
438 519 697 607 συμπράττοντες
709 529 766 584 καὶ
779 528 1035 607 συνεισφέροντες
1053 535 1059 552 ·
1078 527 1134 584 κοιλ
1150 517 1185 583 ro*
1204 523 1341 604 πράημα

175 628 216 700 οἷς
229 623 400 693 καλόνκαὶ
413 627 660 713 μεγαλοπρεπὲς
673 637 727 691 καὶ
740 625 779 723 τῇ
792 626 886 692 πόλει
900 635 1069 712 συμφέρον,
1088 621 1187 698 οὕτως
1203 626 1338 707 ἐγένετο.

283 751 337 828 ,ut
359 757 483 836 postea,
501 771 613 815 nonne
629 772 698 827 vos,
718 750 816 827 cives,
834 770 972 834 operum
990 747 1199 834 cupidissimi
1220 747 1341 814 eratis?

132 875 133 878 ’
175 858 347 934 Quisvero
354 879 479 937 eorum,
493 857 595 942 quiin
604 855 854 941 magistratibus
868 862 971 935 erant,
984 855 1207 921 contradixit?
1224 856 1341 941 Neque

174 963 377 1030 contradixit
400 965 591 1050 quisquam,
616 985 726 1049 neque
742 963 986 1041 inveniebatur,
1011 963 1094 1050 quin
1118 962 1288 1028 liberalem
1306 983 1341 1028 se

173 1078 275 1157 atque
305 1071 478 1136 iuvantem
510 1077 700 1156 praestaret,
731 1069 790 1135 sed
820 1092 946 1148 omnes
978 1077 1016 1135 ut
1046 1069 1081 1136 in
1114 1069 1213 1136 rebus
1246 1070 1341 1135 bonis

173 1185 275 1264 atque
298 1177 446 1257 utilibus
472 1200 539 1242 non
562 1177 673 1244 verbis
697 1177 806 1243 solum
829 1176 1036 1244 adiuvabant
1059 1184 1091 1242 et
1114 1177 1339 1244 conferebant.

172 1285 293 1371 Itaque
317 1307 401 1371 opus
425 1285 699 1371 pulcherrimum,
725 1283 1105 1369 magnificentissimum,
1130 1283 1257 1352 civitati
1281 1283 1341 1349 uti-

174 1392 343 1458 lissimum
366 1393 552 1478 perfectum
576 1391 643 1457 est'

281 1517 372 1582 Nihil
390 1524 447 1595 est,
473 1516 564 1603 quod
587 1517 629 1582 ad
653 1516 744 1582 hunc
768 1517 879 1583 locum
901 1516 1068 1596 adnotem,
1094 1539 1169 1584 cum
1184 1517 1263 1584 satis
1287 1518 1341 1583 ha-

174 1623 274 1690 beam
306 1625 471 1690 orationes
495 1625 538 1690 45
563 1631 595 1689 et
618 1625 660 1689 40
684 1624 771 1689 inter
794 1646 828 1690 se
853 1625 1021 1690 conferre:

240 1750 352 1829 45,16:
371 1763 427 1819 καῖ
436 1747 521 1835 μετά
537 1750 653 1828 ταῦτα,
672 1753 730 1835 οὐχ
851 1751 945 1829 40,6;
970 1759 1086 1821 τοῦτον
1108 1753 1190 1837 ἐμοῦ
1206 1748 1278 1820 τότε
1302 1759 1340 1818 εἰ·

173 1854 266 1943 ὃμὲν
280 1857 380 1944 δῆμος
394 1861 482 1944 ὑμεῖς
495 1857 729 1942 ἐπεθυμήσατε
785 1857 905 1938 πάντος
935 1859 992 1926 τόν
1022 1856 1119 1943 λόγον
1146 1859 1280 1949 ἐπήρθη
1308 1883 1342 1925 τε

173 1972 240 2033 τῶν
263 1963 376 2055 ἔργων;
785 1964 1003 2053 πρὸςαῦτὸνὸ
1011 1968 1111 2054 δῆμος
1125 1973 1172 2031 et:
1185 1967 1341 2042 πολλάκις

784 2075 935 2159 ὑφ’άμοῒν
957 2070 1121 2163 ἐκυρώθη.

240 2186 307 2246 τοῖν
331 2181 368 2246 δὲ
391 2181 428 2247 ἐν
443 2181 536 2255 τέλει,
563 2191 612 2258 τίς
627 2181 729 2248 άντεῐ·
851 2180 1009 2258 πολλάκις
1038 2188 1100 2266 μὲν
1131 2182 1168 2248 ἐν
1191 2184 1238 2269 τηῖ
1269 2186 1341 2259 βου·

172 2307 251 2364 πεν;
277 2277 352 2354 odor
368 2280 504 2354 άντεῐπε
519 2294 582 2372 μὲν
598 2289 713 2365 οὐδεὶς,
737 2329 738 2334 1
785 2290 938 2378 λευτηρίφ
953 2338 958 2352 .
976 2339 981 2352 .
997 2337 1003 2350 .
1020 2338 1025 2350 .
1042 2289 1198 2376 πολλάκις
1222 2289 1257 2354 δὲ
1273 2283 1339 2356 vind

784 2398 851 2462 τοῖν
873 2391 1042 2481 ἡγεμόνων
1060 2392 1233 2486 [ἐκυρώθη]
1254 2394 1340 2463 odda·

784 2500 838 2586 νος
861 2502 1084 2582 ἀντειπόντος.

243 2605 282 2676 ου’
305 2607 372 2694 μην
389 2605 659 2698 προθυμούμενος
683 2603 729 2674 εὖ·
851 2618 908 2675 καὶ
939 2613 1054 2678 πολλοῑ
1087 2606 1352 2700 προετράπησανῖ

171 2722 257 2802 ρέθη
287 2726 343 2781 κοιῑ
374 2716 601 2804 συμπράττων,
642 2712 727 2780 άλλά
784 2719 1044 2805 φιλοτιμηθῆναι
1068 2721 1134 2786 τῶν
1158 2719 1302 2784 πολιτῶν

172 2822 297 2901 πάντες
313 2819 356 2901 οἷς
368 2823 568 2905 ἐπ’άγαθοῑς
585 2814 655 2889 οὖσι
673 2833 727 2888 καὶ

172 2939 386 3016 συμφέρουσιν
395 2931 431 2998 οὐ
444 2925 528 3014 λόγῳ
540 2925 644 3013 μόνον
657 2947 728 3014 συμ·

171 3031 371 3124 πράττοντες
387 3049 444 3103 καὶ
460 3047 725 3123 συνεισφέροντες.

240 3153 296 3210 καὶ
312 3143 348 3210 τά
368 3142 505 3232 πρᾶγμα
521 3193 546 3208 ..
564 3195 569 3208 .
587 3195 592 3205 .
608 3194 613 3206 .
627 3138 727 3221 οἶῖτιος
848 3142 923 3221 40,7
935 3165 942 3207 t
956 3144 1029 3212 ἐπεὶ
1043 3147 1079 3216 δὲ
1094 3141 1198 3235 οἷρχὴν
1210 3143 1337 3226 ἔλαβεν.

171 3251 309 3330 ἐγένετο.

278 3393 396 3478 Itaque
420 3392 538 3458 eadem
560 3393 659 3478 plane
683 3393 841 3460 hocloco
865 3401 1063 3458 enarrantur
1087 3399 1187 3480 atque
1210 3395 1246 3459 in
1270 3417 1338 3460 ora-

173 3501 263 3566 tione
286 3500 340 3577 40,
365 3499 430 3564 nisi
453 3499 544 3585 quod
568 3500 632 3564 Dio
656 3500 691 3563 in
715 3500 863 3566 oratione
887 3500 930 3566 45
947 3507 1060 3586 aperte
1077 3501 1234 3586 exprimit
1249 3503 1338 3568 cives

170 3613 326 3692 sumptus
350 3607 459 3692 operis
491 3607 553 3672 sibi
586 3607 781 3685 iniunxisse,
812 3605 903 3694 quod
926 3609 1002 3687 40,6
1035 3608 1339 3694 circumscripserat

170 3720 303 3780 tantum
329 3717 395 3798 [καὶ
417 3718 530 3783 πολλοὶ
547 3713 822 3804 προετράπησανλ.
861 3715 925 3780 Sed
949 3715 984 3780 id
1008 3737 1143 3802 quoque
1166 3715 1238 3782 loco
1261 3719 1336 3795 40,3

171 3822 304 3888 videtur
326 3823 525 3901 confirmari,
555 3843 622 3907 quo
647 3821 711 3887 Dio
744 3822 785 3887 de
809 3823 970 3908 pecuniis,
1005 3845 1089 3908 quas
1117 3823 1188 3909 ipse
1212 3824 1338 3890 civitati

169 3929 377 4015 promiserat,
402 3929 503 3995 verba
524 3914 613 3994 'facit
638 3929 736 4016 [pg.8
760 3931 831 4016 eqd.
858 3969 900 3982 -

277 4055 349 4119 Iam
378 4055 405 4119 si
429 4055 689 4138 complectimur,
722 4055 869 4140 quidex
899 4055 1047 4121 oratione
1076 4056 1119 4121 45
1155 4056 1195 4121 de
1219 4057 1336 4122 Dionis

168 4160 280 4229 studio
311 4161 494 4227 exornandi
527 4161 642 4247 oppidi
666 4162 843 4241 discamus,
869 4165 1084 4229 confirmatur
1118 4163 1266 4253 primum
1289 4186 1336 4229 ar-

167 4275 369 4356 gumentum
402 4269 560 4335 orationis
590 4270 643 4345 40,
680 4291 758 4334 oum
786 4276 915 4334 constet
946 4277 1079 4335 auctore
1115 4271 1223 4336 Dione
1252 4293 1337 4357 opus

168 4375 341 4464 quoddam
372 4377 474 4466 [ἔργον
498 4375 537 4462 τι]
564 4375 776 4442 aedificatum
800 4398 880 4455 esse,
911 4377 1001 4464 quod
1033 4378 1197 4463 porticum
1234 4379 1336 4444 fuisse

167 4484 240 4551 veri
276 4483 484 4548 simillimum
516 4491 573 4548 est.
629 4485 803 4550 Praeterea
839 4491 952 4550 autem
986 4483 1140 4551 videmus
1175 4486 1337 4571 ampliora
