3234 5312
757 276 976 342 ...42-

286 472 387 537 etiam
411 471 552 538 Dionem
586 472 644 539 tali
679 472 787 538 taedio
811 474 989 552 afficerent,
1026 480 1064 539 ut
1097 495 1204 560 paene
1227 473 1314 540 ultro
1336 474 1373 538 in
1396 495 1443 538 ex·

286 580 399 645 silium
422 579 540 646 abierit
565 581 615 666 [cl.
640 580 736 666 4331.
1264 646 1265 649 ,

392 687 499 765 40,13.
528 688 576 752 14.
625 687 657 774 6)
680 689 845 775 θαυμάζω
881 692 917 757 δὲ
951 687 1096 772 μάλιστα
1132 690 1230 757 ἐνίων
1258 689 1445 779 ἀνθρώπων

285 794 344 880 τήν
367 793 582 882 κακοήθειαν,
607 796 736 883 μᾶλλον
759 798 796 864 δὲ
818 794 878 883 τῆν
900 795 1020 866 ἄνοιαν
1049 794 1378 884 ὑπομιμνησκόμενος,
1396 797 1446 862 οἶα

285 901 491 984 ἐλογοποίουν
512 899 548 970 vd
573 911 633 987 μὲν
660 909 791 990 πρῶτον
818 913 893 994 περὶ
916 913 972 992 τῆς
1001 910 1187 994 πρεσβείας,
1208 900 1248 992 ἣν
1274 906 1447 997 ἐπέμψατο

286 1001 557 1099 ου’χαριοτοῢντος.
595 1013 631 1080 οὕ
659 1013 723 1101 γάρ
746 1012 848 1098 ἡδέως
883 1009 984 1080 αὐτὸν
1007 1014 1243 1088 ἀποδέξασθαι
1276 1011 1351 1088 τούς
1379 1021 1448 1100 πρέ

289 1119 396 1197 cdere.
412 1168 418 1180 .
435 1170 440 1182 .
458 1169 463 1180 .
481 1116 530 1180 14.
555 1125 585 1185 οὶ
608 1121 644 1186 δὲ
667 1120 884 1203 ἐλογοποίουν,
909 1117 959 1187 ὅτι
983 1141 1031 1204 sq.
1057 1141 1088 1184 v.
1113 1140 1215 1204 supra
1237 1118 1330 1204 pg.5
1357 1140 1405 1203 sq.

395 1224 550 1302 ‚Maxime
574 1246 653 1290 vero
676 1226 915 1292 nonnullorum
938 1225 1115 1290 hominum
1139 1225 1392 1310 malignitatem,
1416 1230 1451 1289 ut

286 1353 355 1396 non
381 1330 490 1396 dicam
514 1331 690 1398 stultitiam
712 1334 816 1400 miror
838 1333 1040 1410 recordatae,
1066 1353 1152 1418 quae
1177 1337 1209 1397 et
1225 1339 1324 1397 antea
1346 1332 1388 1396 de
1411 1332 1451 1397 le-

286 1440 420 1526 gatione
444 1439 677 1517 dictitaverint‚
703 1461 805 1526 quam
822 1440 986 1506 miseratis
1002 1440 1045 1505 ad
1062 1440 1185 1526 gratias
1201 1440 1357 1525 agendas.
1392 1439 1451 1504 Ne-

288 1569 354 1632 que
378 1547 468 1612 enim
491 1546 587 1611 illum
610 1547 748 1613 comiter
770 1548 896 1633 legatos
920 1547 1086 1633 accepisse
1099 1599 1217 1626 ......
1241 1546 1358 1632 Neque
1382 1545 1453 1611 dee·

287 1660 372 1733 rant,
396 1654 455 1739 qui
478 1653 667 1720 dictitarent
689 1676 738 1740 sq.
764 1655 814 1741 lei.
839 1677 894 1741 pg.
918 1653 962 1742 51.

270 1845 272 1850 Ι
395 1761 493 1838 Quod
524 1767 756 1848 exspectamus
785 1768 861 1848 post
890 1760 993 1829 verba
1025 1763 1078 1829 οἶα
1102 1764 1310 1845 ἐλογοποίουν
1332 1758 1369 1829 ου’
1394 1770 1455 1849 μὲν

288 1876 427 1955 πρῶτον,
452 1868 522 1934 scil.
547 1868 663 1936 ἔπειτα
688 1872 733 1943 δὲ,
758 1869 1010 1954 consequitur,
1047 1867 1105 1934 sed
1139 1891 1199 1954 per
1231 1868 1455 1934 anacoluthon

288 1975 397 2062 pergit
435 1976 518 2041 Dio:
560 1980 590 2043 ot
624 1979 661 2043 dt
686 1973 915 2063 ξέλογοποίουν.
962 1975 1080 2061 Itaque
1103 1998 1172 2041 non
1207 1976 1306 2061 plene
1340 1975 1455 2060 liquet,

290 2089 403 2147 utrum
427 2082 468 2148 de
499 2082 634 2161 eisdem,
667 2105 711 2148 an
743 2082 784 2148 de
817 2082 948 2148 duobus
980 2083 1247 2148 adversariorum
1277 2082 1457 2168 generibus

289 2189 444 2274 disputet.
508 2189 573 2255 Sed
615 2197 702 2256 certe
746 2190 878 2256 diversa
915 2189 1183 2257 adversariorum
1223 2189 1347 2256 iudicia
1386 2212 1456 2275 per-

289 2297 431 2382 stringit.
479 2296 608 2362 Deinde
643 2297 706 2362 hoc
741 2319 876 2383 quoque
899 2298 1039 2383 planum
1064 2303 1113 2363 est
1135 2317 1241 2364 novos
1264 2298 1319 2362 hic
1341 2297 1458 2363 induci

290 2403 506 2470 adversarios.
554 2405 605 2469 llli
630 2405 730 2478 enim,
764 2405 804 2469 de
840 2404 963 2489 quibus
995 2411 1094 2470 antea
1124 2405 1262 2483 dixerat,
1286 2410 1398 2489 aperte
1423 2425 1459 2470 se

293 2511 391 2576 Dioni
415 2518 649 2597 opposuerant,
683 2512 743 2576 hos
776 2513 887 2597 arguit
915 2512 984 2578 sive
1008 2512 1107 2578 stulte
1142 2512 1211 2577 sive
1236 2511 1380 2596 maligne
1416 2511 1459 2576 de

291 2619 388 2684 certis
420 2618 520 2684 rebus
555 2618 728 2698 iudicasse,
765 2641 850 2704 quas
885 2641 953 2684 non
989 2619 1176 2684 accuratius
1211 2618 1362 2705 explicat,
1398 2617 1457 2684 sed

290 2725 397 2791 obiter
426 2731 558 2791 tantum
592 2731 694 2792 notat.
742 2726 830 2792 Nam
862 2727 1010 2812 primum
1046 2732 1149 2805 erant,
1175 2727 1232 2812 qui
1256 2726 1459 2810 legationem

290 2833 462 2919 quandam
492 2832 535 2898 ad
568 2834 754 2911 Caesarem,
779 2840 817 2898 ut
838 2832 980 2911 videtur,
1005 2835 1143 2900 missam
1166 2833 1458 2919 reprehenderent.

292 2939 432 3018 Deinde,
457 2941 517 3025 qui
539 2941 676 3018 maiora,
702 2962 805 3025 quam
830 2962 849 3005 a
872 2940 980 3006 Dione
1004 2942 1182 3026 impetrata
1198 2946 1302 3018 erant,
1327 2961 1460 3024 exspec-

292 3053 401 3113 tarent
416 3047 599 3133 privilegia.
648 3048 815 3133 Utrosque
831 3047 873 3112 ab
897 3047 1095 3114 adversariis
1112 3048 1220 3134 priore
1236 3047 1307 3113 loco
1324 3047 1458 3124 notatis,

292 3155 352 3240 qui
377 3154 546 3220 ornandae
571 3161 603 3220 et
618 3155 791 3240 augendae
815 3155 940 3220 Prusae
956 3155 1161 3232 obstiterant,
1187 3155 1285 3240 plane
1310 3153 1460 3220 diversos

294 3283 365 3327 esse
389 3261 605 3327 manifestum
630 3268 687 3327 est.
736 3263 853 3346 Neque
870 3263 959 3327 enim
976 3262 1119 3327 Dionem
1136 3263 1263 3348 patriae
1286 3262 1459 3326 consulere

292 3390 389 3454 aegre
420 3368 577 3446 tulerunt,
603 3368 661 3434 sed
695 3367 737 3434 ab
770 3369 965 3434 auctoritate
998 3368 1068 3434 eius
1101 3370 1198 3454 plura
1222 3367 1460 3454 exspectabant

293 3473 482 3561 agendique
505 3475 668 3542 rationem
691 3475 935 3561 improbabant,
960 3497 1028 3561 qua
1051 3498 1131 3542 usus
1155 3481 1233 3540 erat.

399 3583 507 3662 40,st
536 3583 584 3648 18.
634 3583 665 3670 7)
695 3582 783 3670 ὅμως
807 3575 843 3652 οὗ
867 3585 992 3670 σφόδρα
1017 3576 1183 3671 ἠπείχθην
1206 3576 1459 3668 ετῗλαβούμενος,

293 3692 336 3780 μή
361 3702 493 3778 γένηται
517 3692 610 3758 τοῦτο
645 3693 800 3775 ἐμποδῶν
828 3693 884 3760 οὐκ
915 3692 1056 3772 ἐκείνοις,
1091 3690 1176 3758 dito}
1210 3690 1275 3757 τῶν
1298 3691 1460 3758 ἐντεῦθέν

294 3821 369 3866 τισι.
396 3799 513 3880 σχεδὸν
535 3801 600 3888 γοὶρ
624 3795 765 3866 εἰώθασι
780 3802 894 3866 πολλοὶ
911 3802 978 3866 τῶν
1001 3791 1194 3888 drepente
1212 3789 1249 3866 od
1272 3814 1336 3877 τοῖς
1359 3823 1461 3885 πρατ-

294 3917 448 3993 τομένοις,
473 3901 558 3973 cilio?
581 3923 647 3987 τοῖς
679 3907 858 3996 πράττουσι
881 3911 1019 3992 φθονεῖν
1034 3957 1127 3973 .....
1145 3905 1227 3968 18..
1246 3907 1336 3971 ,ἀλλ’
1362 3906 1461 3986 ὑφεω-

295 4015 407 4104 ρώμην
438 4012 512 4098 ἐγώ,
536 4015 582 4100 μή
604 4034 667 4080 τισι
691 4018 757 4081 τῶν
781 4015 941 4082 ἐντεῦθεν
965 4014 1147 4102 πρόσαντες
1171 4022 1303 4098 γένηται
1327 4022 1382 4079 καὶ
1409 4013 1463 4078 δυ-

295 4123 415 4201 σκόλως
438 4131 576 4210 φέρωσιν
599 4122 679 4208 ἐμοῦ
702 4123 902 4210 πράττοντος
925 4118 1021 4188 αὐτοί.

403 4227 571 4292 Discimus
596 4249 636 4293 ex
660 4228 712 4293 his
736 4228 855 4304 verbis
880 4233 1007 4314 quanta
1023 4225 1132 4292 cautio
1152 4225 1253 4291 Dioni
1269 4223 1464 4290 adhibenda

404 4480 495 4544 40‚17.
535 4484 558 4536 1.
577 4476 609 4531 ου’
627 4496 648 4533 r.
669 4494 701 4534 ex
719 4479 830 4547 interpr.
850 4476 865 4531 ὅ
883 4480 931 4536 rel.
950 4508 983 4515 -
1003 4476 1145 4549 ἠπείχθην,
1164 4474 1285 4547 ἤπίχθην
1305 4475 1345 4528 Μ.
