3234 5312
616 436 660 448 ..
705 397 748 463 49
795 437 837 446 ..

141 615 321 680 procacem
344 577 547 660 nominant.'

254 701 423 766 Discimus
447 700 549 785 igitur
572 701 717 765 Dionem
752 699 794 764 ab
828 698 1017 765 adversario
1053 699 1201 786 quodam
1224 721 1310 766 acer-

143 807 286 873 bitatem
321 809 510 872 orationum
546 807 720 891 indignato
755 807 930 871 lusciniam
955 808 1181 892 sophistarum
1208 807 1310 872 nomi-

143 922 267 980 natum
290 935 371 980 esse.
1238 900 1241 906 ¹

254 1020 286 1109 5)
309 1022 349 1085 in
371 1021 415 1107 §g
441 1023 480 1086 16
517 1026 549 1085 et
576 1022 625 1099 17,
663 1020 832 1105 quomodo
868 1021 931 1085 Dio
966 1028 1164 1105 argumenta
1197 1021 1311 1088 adver-

143 1129 311 1194 sariorum
319 1129 449 1206 refutet,
456 1128 523 1192 iam
535 1148 636 1213 supra
650 1128 713 1213 [pg.
728 1127 770 1191 30
779 1126 998 1213 sq.]pli1ribus
1007 1128 1310 1213 exposui,itemque

255 1252 285 1339 6)
309 1251 356 1340 ἓξ
377 1253 416 1316 18
433 1259 465 1318 et
483 1253 522 1318 19
539 1252 607 1316 iam
622 1252 786 1317 illustravi
804 1253 866 1337 [pg.
880 1251 922 1315 32
936 1250 1009 1338 sqq,
1034 1251 1213 1338 exquibus
1236 1274 1310 1317 con-

143 1359 295 1425 cluditur
318 1358 461 1423 Dionem
486 1359 664 1444 utrimque,
689 1363 726 1422 ut
749 1358 795 1422 ita
811 1357 930 1437 dicam,
955 1381 1107 1444 pressum
1128 1381 1207 1436 esse,
1232 1381 1310 1424 cum

143 1467 183 1532 hi
222 1465 377 1551 operibus
412 1465 622 1551 perficiendis
660 1465 849 1530 resisterent
885 1465 936 1548 [ci.
962 1466 1038 1543 40,8
1063 1469 1134 1552 sq.],
1159 1465 1206 1530 illi
1229 1487 1308 1532 vero

143 1593 246 1657 aegre
262 1574 395 1652 ferrent,
413 1571 504 1658 quod
520 1571 726 1636 aedificanda
742 1593 843 1657 opera
858 1593 926 1636 non
943 1573 1159 1658 procederent
1176 1579 1311 1659 propter

143 1680 308 1767 pecunias
331 1701 352 1744 a
375 1678 577 1764 quibusdam
610 1685 764 1757 retentas,
800 1699 903 1764 quam
940 1701 1008 1745 rem
1044 1679 1144 1744 Dioni
1179 1679 1309 1744 crimini

143 1786 283 1852 dabant.

254 1894 369 1972 47,23.
418 1894 453 1980 7)
477 1896 559 1980 πρὸς
575 1896 611 1961 δὲ
627 1891 685 1960 τόν
703 1895 795 1960 δεῖνα
812 1894 1028 1973 ἐξετάζεσθαι
1041 1893 1062 1982 ἢ
1077 1891 1135 1964 τᾶν
1151 1897 1241 1962 δεῖνα
1254 1906 1310 1963 καὶ

142 2009 255 2082 κακῶς
272 1999 403 2069 a'xoristv
426 2003 529 2069 ἐνίοτε
552 2013 608 2068 καὶ
633 2002 829 2068 δάκνεσθαι.

255 2147 374 2212 ,neque
397 2147 475 2190 cum
499 2125 561 2190 hoc
584 2125 637 2190 vel
655 2125 711 2188 illo
735 2145 805 2189 rem
822 2123 943 2189 habere
968 2146 1077 2210 neque
1094 2125 1179 2190 male
1195 2125 1310 2190 audire

141 2231 316 2299 interdum
340 2239 441 2317 atque
465 2231 628 2296 morderi'

253 2358 367 2437 47,23.
393 2358 424 2439 8)
439 2354 521 2424 trae
537 2360 573 2424 dt
590 2358 697 2426 α’κούω
715 2359 819 2438 λέγειν
835 2357 909 2424 τινά
928 2355 971 2436 ὦς
987 2369 1061 2447 περὶ
1072 2356 1231 2447 τυράννου
1246 2409 1251 2422 .
1265 2409 1270 2423 .
1283 2409 1308 2422 ..

255 2465 325 2544 ,Sin
349 2471 460 2529 autem
485 2485 691 2549 quemquam
725 2462 766 2528 de
801 2485 854 2528 ine
891 2471 927 2528 ut
961 2462 1002 2528 de
1035 2469 1177 2550 tyranno
1207 2464 1310 2531 verba

142 2575 257 2638 facere
280 2571 399 2637 audio.¹

255 2697 301 2761 Hi
325 2718 460 2782 quoque
484 2697 547 2762 loci
571 2695 735 2760 referendi
759 2694 896 2760 suntad
912 2694 1118 2761 adversarios
1141 2697 1224 2774 illos,
1249 2696 1308 2782 qui

143 2804 250 2870 Dioni
285 2810 421 2890 propter
454 2824 555 2889 opera
590 2809 757 2868 exstructa
780 2801 1021 2868 succensebant
1057 2803 1107 2888 [ci.
1132 2803 1153 2890 ξ
1181 2805 1308 2871 18:112-

142 2929 280 3003 ραννεῖν
303 2923 348 2997 μέ
368 2909 488 2998 φασιν),

257 3285 368 3352 Variis
391 3286 493 3372 igitur
516 3306 592 3351 cum
617 3283 814 3351 adversariis
830 3285 984 3353 videmus
1000 3285 1143 3350 Dionem
1159 3307 1197 3351 eo
1213 3284 1310 3371 potis·

144 3395 274 3460 simum
298 3395 457 3478 temporis
481 3395 597 3479 spatie,
633 3391 724 3478 quod
758 3393 932 3458 intercedit
966 3394 1052 3457 inter
1079 3393 1243 3458 orationes
1266 3395 1310 3456 44

144 3509 184 3568 et
205 3503 248 3564 48
272 3500 456 3590 dimicasse.
504 3499 621 3585 Neque
645 3521 707 3564 nos
731 3500 819 3572 latet,
856 3520 1023 3585 quaenam
1048 3521 1166 3565 causae
1189 3501 1310 3565 harum

144 3608 396 3684 difficultatum,
433 3607 556 3693 quibus
591 3628 802 3692 summopere
834 3606 1028 3685 vexabatur,
1057 3607 1092 3670 in
1116 3607 1310 3673 universum

144 3715 329 3782 videantur
351 3714 463 3780 fuisse.
517 3714 603 3778 Nam
628 3735 705 3778 curn
730 3713 906 3799 Bithyniae
943 3715 1092 3779 civitates
1127 3715 1309 3778 tactionum

144 3820 420 3888 contentionibus
444 3828 645 3886 vexarentur
670 3821 764 3904 [Ptin.
791 3842 841 3906 ep.
867 3821 954 3898 xis
978 3821 1065 3907 (35)),
1091 3821 1214 3884 Prusae
1232 3841 1309 3905 quo-

145 3950 217 4015 que
252 3929 319 3994 iam
354 3935 431 3992 ante
455 3928 573 3992 Dionis
607 3928 752 3993 reditum
787 3929 886 3992 iactio
921 3927 1086 4012 quaedam
1111 3935 1189 4003 erat,
1223 3948 1309 4011 quae

144 4034 324 4121 augendae
359 4035 484 4102 civitati
520 4033 741 4112 obnitebatur,
778 4035 861 4118 quin
895 4035 994 4099 etiam
1019 4033 1194 4119 gaudebat,
1219 4032 1309 4117 quod

144 4149 290 4210 conatus
313 4142 473 4228 principis
496 4141 673 4207 cuiusdam
705 4140 906 4227 impetrandi
930 4144 1115 4228 διοικήσεως
1145 4140 1309 4226 privilegii

144 4272 220 4318 non
243 4256 445 4316 successerat
470 4249 656 4332 [40,10.11.
682 4249 779 4334 45,6).
827 4248 980 4324 Quorum
1014 4246 1223 4312 inimicitiam
1248 4247 1310 4312 Dio

257 4609 349 4677 ΜΒ.
389 4610 412 4659 1.
432 4603 449 4670 ἧ
466 4602 511 4657 τόν
529 4604 562 4658 Β.
582 4603 622 4657 Μ.
641 4604 685 4655 καὶ
704 4599 747 4655 τὸν
765 4602 813 4660 rel.
