3234 5312
602 362 821 427 ..57„.

148 558 316 644 quidquam
340 557 585 642 proficiebatur.
635 557 699 622 Sed
730 557 905 642 paullatim
928 558 1053 623 Prusae
1084 576 1219 643 quoque
1248 555 1299 619 ira

149 667 318 751 odiumque
342 665 465 731 civium
492 666 664 731 remiserat
687 671 719 730 et
753 665 882 730 actione
917 665 958 730 de
991 663 1194 731 restituenda
1217 683 1298 747 pace

146 774 213 836 inita
237 771 302 860 [40‚
320 772 378 837 17:
405 781 461 839 καὶ
485 780 545 841 νῦν
568 771 758 859 πειθόμενος
780 770 840 852 τοὶς
856 774 1018 851 διαλύσεις
1039 784 1094 839 καὶ
1110 773 1170 858 την
1186 774 1298 856 φιλίαν

147 877 252 968 ταύτην
277 878 515 965 πραττομένην]
540 877 660 962 legatio
684 877 871 962 Apameam
888 879 991 944 missa
1006 877 1139 945 videtur
1154 877 1297 962 benigne

148 992 268 1071 excepta
292 1007 363 1050 esse
389 984 461 1070 lhoc
485 984 622 1069 quidem
646 984 808 1049 concludo
833 1007 874 1049 ex
896 982 1007 1050 verbis
1069 1049 1074 1076 Ι

235 1091 355 1169 40,17;
386 1105 492 1158 καίτοι
517 1103 572 1158 καὶ
597 1091 658 1159 νῦν
681 1095 755 1166 ἴσως
788 1093 825 1159 οὐ
859 1109 924 1170 τοῖς
957 1097 1154 1180 παροῦσι
1184 1088 1297 1176 μόνον,

148 1196 221 1266 α’λλοῖ
245 1199 383 1284 κάμοὶ
409 1209 558 1283 νέμοντες
591 1199 697 1283 τιμήν,
733 1197 818 1283 μεταλ
854 1205 919 1266 τῶν
954 1198 1063 1265 ἄλλων
1098 1195 1297 1283 λογιζόμενοι

146 1310 218 1392 ια’μὲ
241 1309 379 1392 πολίτην
402 1307 564 1395 ὑμέτερον.

238 1413 292 1491 ‚Et
314 1433 406 1477 nunc
429 1411 567 1497 quidem
591 1434 659 1476 non
682 1412 722 1477 iis
747 1412 866 1492 solum,
892 1413 951 1498 qui
974 1411 1108 1490 adsunt,
1133 1411 1190 1476 sed
1216 1410 1298 1475 mihi

146 1541 265 1605 quoque
290 1519 453 1584 honorem
476 1519 669 1596 tribuentes
694 1541 772 1584 curn
795 1518 882 1584 inter
905 1517 1041 1584 ceteros
1056 1525 1088 1584 et
1111 1518 1186 1597 mei,
1216 1519 1298 1584 civis

144 1627 242 1705 vestri,
267 1627 432 1691 rationem
456 1625 621 1706 habeant)

235 1734 278 1798 Se
296 1733 443 1818 quidem,
467 1733 526 1818 qui
543 1755 751 1819 quamquam
761 1734 923 1800 invitatus
936 1733 1122 1820 Apameam
1146 1733 1298 1798 nondum

143 1841 255 1919 ivisset,
281 1841 345 1905 Dio
370 1859 435 1921 τοις
457 1849 599 1929 παροῦσι
623 1840 780 1927 opponit:
806 1863 883 1926 ergo
900 1840 1038 1907 aderant
1053 1841 1105 1908 vel
1122 1840 1299 1906 adfuerant

145 1969 175 2011 eo
205 1955 356 2033 tempore
392 1949 573 2013 Prusenses
609 1947 746 2033 quidam
771 1947 941 2034 Apameae
970 1949 1124 2013 honorati
1147 1947 1188 2012 ab
1212 1946 1297 2032 Apa-

143 2054 314 2120 mensibus.
363 2055 456 2131 Quos
479 2055 605 2139 legatos
629 2055 731 2120 luisse
755 2056 825 2121 veri
848 2077 916 2120 non
934 2062 983 2121 est
999 2055 1167 2124 dissimile.
1208 2054 1299 2119 Inest

141 2168 242 2226 autem
268 2161 305 2224 in
330 2160 440 2226 verbis
465 2179 530 2233 τοις
552 2167 692 2250 παροῦσι
716 2161 890 2246 legationis
919 2161 1116 2246 significatio
1147 2160 1298 2226 similiter

141 2274 231 2352 atque
267 2269 321 2346 40,
332 2269 373 2332 25
408 2268 444 2331 in
479 2267 580 2333 verbo
616 2266 821 2354 α’ποόημεῐν].
870 2268 977 2332 Simul
1011 2267 1199 2354 plebisscito
1235 2267 1298 2331 Dio

141 2372 295 2440 invitatus
319 2381 378 2453 est,
412 2381 449 2440 ut
473 2375 571 2440 rebus
603 2374 808 2461 puhliciset
840 2375 1017 2460 praecipue
1046 2374 1299 2440 reconciliandis

140 2480 322 2546 civitatibus
346 2503 482 2567 operam
507 2481 601 2546 daret
635 2484 697 2565 qm,
713 2483 766 2546 17:
792 2495 848 2550 καὶ
874 2495 1110 2575 ψηφισαμένων
1132 2486 1225 2567 ὑμῶν
1241 2483 1299 2567 ἐμὲ

137 2591 240 2656 καλεῖν
265 2595 341 2668 ἴσως
365 2602 421 2657 καὶ
446 2591 565 2673 ταύτης
588 2597 683 2658 ἕνεκα
706 2597 763 2677 τῆς
785 2593 917 2675 χρείας].

136 2781 159 2842 2.
183 2782 233 2847 De
245 2782 534 2870 industriaquam
542 2785 606 2849 Dio
623 2784 665 2848 ad
679 2784 903 2850 dirimendam
915 2785 1124 2850 inimicitiam
1147 2782 1298 2850 exhibuit

618 2967 645 3010 a.
682 2946 816 3023 Prusae,

234 3087 457 3172 Quamquam
482 3088 662 3154 rectissime
690 3087 921 3155 iudicaverant
949 3091 1130 3154 Prusenses
1156 3089 1298 3153 Dionem

133 3201 264 3278 propter
290 3195 532 3272 auctoritatem,
557 3217 625 3280 qua
642 3196 811 3282 Apameae
827 3196 1010 3274 fruebatur,
1035 3218 1113 3261 eum
1136 3217 1216 3273 esse,
1239 3196 1297 3280 qui

132 3299 285 3366 facillime
323 3301 504 3366 amicitiam
539 3303 726 3368 restitueret
762 3304 890 3386 [40‚ll:
926 3305 1024 3389 τοχόν
1057 3306 1119 3394 γοέρ
1147 3303 1298 3388 ἠλπίζετε

132 3408 229 3490 ια’μοῦ
263 3407 484 3494 μετασχόντος
519 3415 599 3500 ῥᾷον
633 3413 758 3495 μᾶλλον
792 3422 847 3477 καὶ
880 3413 1122 3499 α’σιμαλέστερον
1160 3409 1297 3476 ἔσεσθαι

132 3515 263 3600 nascaq,
292 3520 407 3578 tamen
443 3513 496 3578 ille
532 3514 736 3600 pedetentim
771 3523 903 3581 tanturn
938 3515 979 3581 ad
1016 3538 1085 3581 rem
1121 3515 1298 3581 accedebat

133 3619 259 3704 [4Ο,17;
296 3624 336 3689 οὐ
362 3623 485 3710 σφόδρα
510 3624 685 3712 ἠπείχθην.
733 3624 849 3701 40,18;
885 3637 940 3692 καὶ
974 3629 1033 3692 νῦν
1067 3627 1188 3713 τρόπον
1222 3625 1295 3691 τινοῖ

129 3730 203 3796 ἑκών
227 3728 430 3811 ἐβράδυναλ,
448 3748 525 3790 cum
543 3729 733 3808 veritusne
747 3730 798 3794 sui
814 3731 939 3794 Prusae
954 3730 1136 3795 adversarii
1159 3737 1296 3794 conatus

130 3832 356 3900 restituendae
380 3834 575 3900 concordiae
599 3835 707 3901 irritos
737 3837 884 3902 lacerent
908 3837 969 3922 pq,
983 3837 1031 3900 17.
1053 3837 1112 3922 181,
1149 3859 1217 3901 rem
1254 3836 1296 3901 ab

129 3942 192 4008 aliis
216 3942 295 4028 geri
313 3940 427 4005 mallet
441 3941 503 4024 quo,
516 3943 564 4007 18.
582 3945 641 4026 19].
668 3944 882 4010 Orationibus
891 3966 969 4010 vero
979 3944 1101 4009 habitis
1113 3943 1296 4008 identidem

129 4049 211 4116 cives
248 4047 455 4114 adhortatus
490 4056 548 4128 est,
584 4057 620 4115 ut
655 4072 732 4116 cum
768 4051 1016 4136 Apamensibus
1051 4052 1297 4136 paciscerentur

129 4155 248 4239 lllllssz
277 4166 341 4224 καὶ
366 4158 505 4236 πολλοὺς
528 4161 622 4224 εἷπον
646 4157 773 4228 ἐνθάδε
790 4156 902 4244 λόγους
918 4163 1001 4248 ὑπὲρ
1020 4163 1180 4246 ὁμονοίας,
1205 4155 1296 4245 ἡγού-

55 4541 56 4551 η
222 4479 329 4551 4o,17.
358 4480 381 4530 l.
402 4484 489 4528 καίτοι
508 4479 552 4529 καὶ
571 4482 629 4534 νῦν.
652 4485 700 4529 καί
726 4496 749 4529 τι
768 4480 812 4529 καὶ
830 4483 879 4529 νῦν
901 4477 1016 4531 (lescub.
1031 4479 1075 4529 καὶ
1087 4483 1176 4528 τοίνυν
1188 4477 1295 4543 Pflugk.

54 4554 56 4576 Ι
127 4573 147 4626 2.
162 4569 252 4642 ιαῖμοὶ.
276 4568 328 4620 καὶ
348 4566 407 4638 ἐμοὶ
426 4565 467 4624 Μ.
