<?xml version="1.0" encoding="UTF-8"?>
<!DOCTYPE html PUBLIC "-//W3C//DTD XHTML 1.0 Transitional//EN"
    "http://www.w3.org/TR/xhtml1/DTD/xhtml1-transitional.dtd">
<html xmlns="http://www.w3.org/1999/xhtml" xml:lang="en" lang="en">
 <head>
  <title>
</title>
<meta http-equiv="Content-Type" content="text/html;charset=utf-8" />
  <meta name='ocr-system' content='tesseract 3.04.00' />
  <meta name='ocr-capabilities' content='ocr_page ocr_carea ocr_par ocr_line ocrx_word'/>
</head>
<body>
  <div class='ocr_page' id='page_1' title='image "./dedionischrysos00claugoog_0064.png"; bbox 0 0 3234 5312; ppageno 0'>
   <div class='ocr_carea' id='block_1_1' title="bbox 632 317 850 384">
    <p class='ocr_par' dir='ltr' id='par_1_1' title="bbox 632 317 850 384">
     <span class='ocr_line' id='line_1_1' title="bbox 632 317 850 384; baseline 0.005 -19"><span class='ocrx_word' id='word_1_1' title='bbox 632 317 850 384; x_wconf 63' lang='lat'>...55-</span> 
     </span>
    </p>
   </div>
   <div class='ocr_carea' id='block_1_2' title="bbox 153 513 1322 920">
    <p class='ocr_par' dir='ltr' id='par_1_2' title="bbox 153 513 1322 920">
     <span class='ocr_line' id='line_1_2' title="bbox 153 513 1322 601; baseline -0.002 -21"><span class='ocrx_word' id='word_1_2' title='bbox 153 513 260 580; x_wconf 88' lang='lat' dir='ltr'>tenda</span> <span class='ocrx_word' id='word_1_3' title='bbox 294 514 436 592; x_wconf 84' lang='lat' dir='ltr'>videtur,</span> <span class='ocrx_word' id='word_1_4' title='bbox 473 536 532 579; x_wconf 88' lang='lat' dir='ltr'>cur</span> <span class='ocrx_word' id='word_1_5' title='bbox 566 521 641 600; x_wconf 92' lang='lat' dir='ltr'>post</span> <span class='ocrx_word' id='word_1_6' title='bbox 674 518 831 601; x_wconf 77' lang='grc' dir='ltr'><strong><em>διοίκησιν</em></strong></span> <span class='ocrx_word' id='word_1_7' title='bbox 853 516 1054 580; x_wconf 89' lang='lat' dir='ltr'>Prusensem</span> <span class='ocrx_word' id='word_1_8' title='bbox 1078 515 1265 580; x_wconf 87' lang='lat' dir='ltr'>institutam</span> <span class='ocrx_word' id='word_1_9' title='bbox 1289 521 1322 580; x_wconf 90' lang='lat' dir='ltr'>et</span> 
     </span>
     <span class='ocr_line' id='line_1_3' title="bbox 154 621 1321 688; baseline 0.001 -2"><span class='ocrx_word' id='word_1_10' title='bbox 154 623 345 686; x_wconf 86' lang='lat' dir='ltr'>simultates</span> <span class='ocrx_word' id='word_1_11' title='bbox 368 621 478 687; x_wconf 89' lang='lat' dir='ltr'>subito</span> <span class='ocrx_word' id='word_1_12' title='bbox 503 628 635 687; x_wconf 77' lang='lat' dir='ltr'>exortae</span> <span class='ocrx_word' id='word_1_13' title='bbox 659 623 727 687; x_wconf 91' lang='lat' dir='ltr'>sint</span> <span class='ocrx_word' id='word_1_14' title='bbox 749 628 781 687; x_wconf 92' lang='lat' dir='ltr'>et</span> <span class='ocrx_word' id='word_1_15' title='bbox 804 623 1036 688; x_wconf 80' lang='lat' dir='ltr'>molestissime</span> <span class='ocrx_word' id='word_1_16' title='bbox 1060 622 1185 686; x_wconf 85' lang='lat' dir='ltr'>fuerint</span> <span class='ocrx_word' id='word_1_17' title='bbox 1208 622 1321 687; x_wconf 84' lang='lat' dir='ltr'>civita·</span> 
     </span>
     <span class='ocr_line' id='line_1_4' title="bbox 154 729 1321 795; baseline 0.001 -2"><span class='ocrx_word' id='word_1_18' title='bbox 154 729 248 794; x_wconf 89' lang='lat' dir='ltr'>tibus</span> <span class='ocrx_word' id='word_1_19' title='bbox 272 735 369 794; x_wconf 88' lang='lat' dir='ltr'>antea</span> <span class='ocrx_word' id='word_1_20' title='bbox 392 729 586 794; x_wconf 90' lang='lat' dir='ltr'>coniunctis.</span> <span class='ocrx_word' id='word_1_21' title='bbox 635 729 700 794; x_wconf 82' lang='lat' dir='ltr'>Sed</span> <span class='ocrx_word' id='word_1_22' title='bbox 723 729 758 794; x_wconf 92' lang='lat' dir='ltr'>in</span> <span class='ocrx_word' id='word_1_23' title='bbox 782 730 842 795; x_wconf 90' lang='lat' dir='ltr'>has</span> <span class='ocrx_word' id='word_1_24' title='bbox 873 751 925 795; x_wconf 88' lang='lat' dir='ltr'>res</span> <span class='ocrx_word' id='word_1_25' title='bbox 949 751 1039 794; x_wconf 92' lang='lat' dir='ltr'>nunc</span> <span class='ocrx_word' id='word_1_26' title='bbox 1063 729 1249 794; x_wconf 77' lang='lat' dir='ltr'>accuratius</span> <span class='ocrx_word' id='word_1_27' title='bbox 1274 729 1321 794; x_wconf 90' lang='lat' dir='ltr'>in-</span> 
     </span>
     <span class='ocr_line' id='line_1_5' title="bbox 155 835 456 920; baseline 0 -20"><span class='ocrx_word' id='word_1_28' title='bbox 155 835 362 920; x_wconf 88' lang='lat' dir='ltr'>quirendum</span> <span class='ocrx_word' id='word_1_29' title='bbox 386 836 456 900; x_wconf 85' lang='lat' dir='ltr'>erit.</span> 
     </span>
    </p>
   </div>
   <div class='ocr_carea' id='block_1_3' title="bbox 498 1031 972 1100">
    <p class='ocr_par' dir='ltr' id='par_1_3' title="bbox 498 1031 972 1100">
     <span class='ocr_line' id='line_1_6' title="bbox 498 1031 972 1100; baseline 0.004 -4"><span class='ocrx_word' id='word_1_30' title='bbox 498 1031 539 1097; x_wconf 91' lang='lat' dir='ltr'>II.</span> <span class='ocrx_word' id='word_1_31' title='bbox 574 1033 624 1097; x_wconf 92' lang='lat' dir='ltr'>De</span> <span class='ocrx_word' id='word_1_32' title='bbox 648 1032 756 1098; x_wconf 89' lang='lat' dir='ltr'>causis</span> <span class='ocrx_word' id='word_1_33' title='bbox 780 1032 972 1100; x_wconf 90' lang='lat' dir='ltr'>discordiae.</span> 
     </span>
    </p>
   </div>
   <div class='ocr_carea' id='block_1_4' title="bbox 153 1157 1322 1459">
    <p class='ocr_par' dir='ltr' id='par_1_4' title="bbox 153 1157 1322 1459">
     <span class='ocr_line' id='line_1_7' title="bbox 267 1157 1320 1243; baseline 0.001 -22"><span class='ocrx_word' id='word_1_34' title='bbox 267 1158 377 1221; x_wconf 88' lang='lat' dir='ltr'>Pauca</span> <span class='ocrx_word' id='word_1_35' title='bbox 401 1163 488 1235; x_wconf 88' lang='lat' dir='ltr'>sunt,</span> <span class='ocrx_word' id='word_1_36' title='bbox 514 1178 600 1241; x_wconf 92' lang='lat' dir='ltr'>quae</span> <span class='ocrx_word' id='word_1_37' title='bbox 624 1157 665 1222; x_wconf 89' lang='lat' dir='ltr'>de</span> <span class='ocrx_word' id='word_1_38' title='bbox 699 1157 807 1222; x_wconf 89' lang='lat' dir='ltr'>causis</span> <span class='ocrx_word' id='word_1_39' title='bbox 841 1157 1025 1223; x_wconf 85' lang='lat' dir='ltr'>discordiae</span> <span class='ocrx_word' id='word_1_40' title='bbox 1057 1158 1178 1243; x_wconf 89' lang='lat' dir='ltr'>apertis</span> <span class='ocrx_word' id='word_1_41' title='bbox 1210 1157 1320 1224; x_wconf 86' lang='lat' dir='ltr'>verbis</span> 
     </span>
     <span class='ocr_line' id='line_1_8' title="bbox 153 1263 1060 1330; baseline 0 -2"><span class='ocrx_word' id='word_1_42' title='bbox 153 1265 223 1328; x_wconf 91' lang='lat' dir='ltr'>Dio</span> <span class='ocrx_word' id='word_1_43' title='bbox 248 1263 375 1329; x_wconf 81' lang='lat' dir='ltr'>dixerit.</span> <span class='ocrx_word' id='word_1_44' title='bbox 423 1264 644 1328; x_wconf 76' lang='lat' dir='ltr'>Continentur</span> <span class='ocrx_word' id='word_1_45' title='bbox 666 1265 734 1329; x_wconf 82' lang='lat' dir='ltr'>lere</span> <span class='ocrx_word' id='word_1_46' title='bbox 758 1263 863 1329; x_wconf 87' lang='lat' dir='ltr'>tribus</span> <span class='ocrx_word' id='word_1_47' title='bbox 887 1264 940 1329; x_wconf 91' lang='lat' dir='ltr'>his</span> <span class='ocrx_word' id='word_1_48' title='bbox 962 1265 1060 1330; x_wconf 90' lang='lat' dir='ltr'>locis:</span> 
     </span>
     <span class='ocr_line' id='line_1_9' title="bbox 265 1369 1322 1459; baseline 0.004 -25"><span class='ocrx_word' id='word_1_49' title='bbox 265 1371 386 1447; x_wconf 55' lang='lat'>4023:</span> <span class='ocrx_word' id='word_1_50' title='bbox 424 1371 513 1449; x_wconf 68' lang='grc' dir='ltr'><strong><em>ὅπως</em></strong></span> <span class='ocrx_word' id='word_1_51' title='bbox 554 1374 647 1439; x_wconf 79' lang='grc' dir='ltr'><strong><em>αὐτοὶ</em></strong></span> <span class='ocrx_word' id='word_1_52' title='bbox 683 1374 970 1458; x_wconf 77' lang='grc' dir='ltr'><em>εὐγνωμονέστεροι</em></span> <span class='ocrx_word' id='word_1_53' title='bbox 1006 1369 1225 1459; x_wconf 69' lang='grc' dir='ltr'><strong><em>φανησόμεθα</em></strong></span> <span class='ocrx_word' id='word_1_54' title='bbox 1266 1384 1322 1438; x_wconf 72' lang='grc' dir='ltr'>καὶ</span> 
     </span>
    </p>
   </div>
   <div class='ocr_carea' id='block_1_5' title="bbox 151 1479 1410 4013">
    <p class='ocr_par' dir='ltr' id='par_1_5' title="bbox 152 1479 1126 1568">
     <span class='ocr_line' id='line_1_10' title="bbox 152 1479 1126 1568; baseline -0.003 -23"><span class='ocrx_word' id='word_1_55' title='bbox 152 1482 285 1561; x_wconf 77' lang='grc' dir='ltr'><strong><em>μᾶλλον</em></strong></span> <span class='ocrx_word' id='word_1_56' title='bbox 308 1483 589 1564; x_wconf 76' lang='grc' dir='ltr'><strong><em>καταφρονοῦντες</em></strong></span> <span class='ocrx_word' id='word_1_57' title='bbox 611 1479 785 1568; x_wconf 79' lang='grc' dir='ltr'><strong><em>χρημάτων</em></strong></span> <span class='ocrx_word' id='word_1_58' title='bbox 807 1483 945 1546; x_wconf 75' lang='grc' dir='ltr'><strong><em>καὶτοῦ</em></strong></span> <span class='ocrx_word' id='word_1_59' title='bbox 968 1482 1126 1558; x_wconf 82' lang='grc' dir='ltr'><strong><em>πλείονος.</em></strong></span> 
     </span>
    </p>

    <p class='ocr_par' dir='ltr' id='par_1_6' title="bbox 153 1584 1323 1776">
     <span class='ocr_line' id='line_1_11' title="bbox 267 1584 1323 1670; baseline -0.001 -21"><span class='ocrx_word' id='word_1_60' title='bbox 267 1591 336 1662; x_wconf 87' lang='lat' dir='ltr'>,ut</span> <span class='ocrx_word' id='word_1_61' title='bbox 359 1584 642 1650; x_wconf 85' lang='lat' dir='ltr'>benevolentiores</span> <span class='ocrx_word' id='word_1_62' title='bbox 666 1606 727 1649; x_wconf 90' lang='lat' dir='ltr'>nos</span> <span class='ocrx_word' id='word_1_63' title='bbox 750 1584 970 1669; x_wconf 85' lang='lat' dir='ltr'>praebeamus</span> <span class='ocrx_word' id='word_1_64' title='bbox 1006 1593 1037 1650; x_wconf 90' lang='lat' dir='ltr'>et</span> <span class='ocrx_word' id='word_1_65' title='bbox 1073 1585 1180 1669; x_wconf 84' lang='lat' dir='ltr'>magis</span> <span class='ocrx_word' id='word_1_66' title='bbox 1218 1584 1323 1670; x_wconf 87' lang='lat' dir='ltr'>despi-</span> 
     </span>
     <span class='ocr_line' id='line_1_12' title="bbox 153 1691 759 1776; baseline -0.003 -19"><span class='ocrx_word' id='word_1_67' title='bbox 153 1693 284 1757; x_wconf 86' lang='lat' dir='ltr'>cientes</span> <span class='ocrx_word' id='word_1_68' title='bbox 308 1691 485 1776; x_wconf 88' lang='lat' dir='ltr'>pecuniam</span> <span class='ocrx_word' id='word_1_69' title='bbox 510 1698 542 1756; x_wconf 87' lang='lat' dir='ltr'>et</span> <span class='ocrx_word' id='word_1_70' title='bbox 564 1691 759 1757; x_wconf 70' lang='lat' dir='ltr'>avaritiam!</span> 
     </span>
    </p>

    <p class='ocr_par' dir='ltr' id='par_1_7' title="bbox 151 1797 1324 1996">
     <span class='ocr_line' id='line_1_13' title="bbox 266 1797 1324 1888; baseline 0.003 -27"><span class='ocrx_word' id='word_1_71' title='bbox 266 1800 318 1877; x_wconf 81' lang='grc'>40,</span> <span class='ocrx_word' id='word_1_72' title='bbox 329 1799 371 1863; x_wconf 86' lang='grc'>30</span> <span class='ocrx_word' id='word_1_73' title='bbox 382 1821 387 1862; x_wconf 89' lang='lat'>:</span> <span class='ocrx_word' id='word_1_74' title='bbox 402 1816 497 1866; x_wconf 77' lang='grc' dir='ltr'><strong><em>ποῖον</em></strong></span> <span class='ocrx_word' id='word_1_75' title='bbox 507 1798 581 1865; x_wconf 76' lang='lat' dir='ltr'>d’dv</span> <span class='ocrx_word' id='word_1_76' title='bbox 592 1806 722 1867; x_wconf 74' lang='grc' dir='ltr'><strong><em>τοσοῦτο</em></strong></span> <span class='ocrx_word' id='word_1_77' title='bbox 733 1811 857 1883; x_wconf 80' lang='grc' dir='ltr'><strong><em>γένοιτο</em></strong></span> <span class='ocrx_word' id='word_1_78' title='bbox 866 1801 1040 1888; x_wconf 84' lang='grc' dir='ltr'><strong><em>χρημάτων</em></strong></span> <span class='ocrx_word' id='word_1_79' title='bbox 1049 1797 1207 1886; x_wconf 58' lang='lat' dir='ltr'>siward</span> <span class='ocrx_word' id='word_1_80' title='bbox 1218 1800 1324 1888; x_wconf 79' lang='grc' dir='ltr'><strong><em>χώρας</em></strong></span> 
     </span>
     <span class='ocr_line' id='line_1_14' title="bbox 151 1899 741 1996; baseline -0.005 -23"><span class='ocrx_word' id='word_1_81' title='bbox 151 1916 308 1993; x_wconf 71' lang='grc' dir='ltr'>μέγεθος,</span> <span class='ocrx_word' id='word_1_82' title='bbox 333 1908 415 1973; x_wconf 69' lang='grc' dir='ltr'>ἄνθ’</span> <span class='ocrx_word' id='word_1_83' title='bbox 439 1899 479 1975; x_wconf 76' lang='grc' dir='ltr'>οὗ</span> <span class='ocrx_word' id='word_1_84' title='bbox 501 1907 653 1996; x_wconf 80' lang='grc' dir='ltr'><strong><em>προσήκει</em></strong></span> <span class='ocrx_word' id='word_1_85' title='bbox 669 1956 674 1968; x_wconf 92' lang='grc'><em>.</em></span> <span class='ocrx_word' id='word_1_86' title='bbox 691 1957 696 1969; x_wconf 96' lang='grc'>.</span> <span class='ocrx_word' id='word_1_87' title='bbox 712 1955 718 1967; x_wconf 94' lang='grc'>.</span> <span class='ocrx_word' id='word_1_88' title='bbox 735 1955 741 1970; x_wconf 89' lang='grc'><strong>.</strong></span> 
     </span>
    </p>

    <p class='ocr_par' dir='ltr' id='par_1_8' title="bbox 153 2011 1323 2206">
     <span class='ocr_line' id='line_1_15' title="bbox 247 2011 1323 2097; baseline -0.001 -21"><span class='ocrx_word' id='word_1_89' title='bbox 247 2013 373 2090; x_wconf 49' lang='grc' dir='ltr'><strong><em>μημιον</em></strong></span> <span class='ocrx_word' id='word_1_90' title='bbox 397 2033 475 2077; x_wconf 87' lang='lat' dir='ltr'>vero</span> <span class='ocrx_word' id='word_1_91' title='bbox 500 2013 660 2097; x_wconf 89' lang='lat' dir='ltr'>pecuniae</span> <span class='ocrx_word' id='word_1_92' title='bbox 685 2018 743 2077; x_wconf 90' lang='lat' dir='ltr'>aut</span> <span class='ocrx_word' id='word_1_93' title='bbox 765 2034 922 2097; x_wconf 85' lang='lat' dir='ltr'>agrorum</span> <span class='ocrx_word' id='word_1_94' title='bbox 946 2011 1042 2097; x_wconf 90' lang='lat' dir='ltr'>copia</span> <span class='ocrx_word' id='word_1_95' title='bbox 1065 2018 1158 2078; x_wconf 85' lang='lat' dir='ltr'>tanta</span> <span class='ocrx_word' id='word_1_96' title='bbox 1181 2018 1240 2095; x_wconf 87' lang='lat' dir='ltr'>est,</span> <span class='ocrx_word' id='word_1_97' title='bbox 1264 2032 1323 2096; x_wconf 89' lang='lat' dir='ltr'>pro</span> 
     </span>
     <span class='ocr_line' id='line_1_16' title="bbox 153 2120 463 2206; baseline -0.003 -21"><span class='ocrx_word' id='word_1_98' title='bbox 153 2142 227 2206; x_wconf 89' lang='lat' dir='ltr'>qua</span> <span class='ocrx_word' id='word_1_99' title='bbox 251 2120 463 2185; x_wconf 87' lang='lat' dir='ltr'>deceat....&#39;</span> 
     </span>
    </p>

    <p class='ocr_par' dir='ltr' id='par_1_9' title="bbox 151 2225 1324 2421">
     <span class='ocr_line' id='line_1_17' title="bbox 264 2225 1324 2317; baseline 0.005 -27"><span class='ocrx_word' id='word_1_100' title='bbox 264 2227 360 2306; x_wconf 82' lang='lat' dir='ltr'>4l,8:</span> <span class='ocrx_word' id='word_1_101' title='bbox 386 2231 481 2314; x_wconf 74' lang='grc' dir='ltr'><strong><em>φίλας</em></strong></span> <span class='ocrx_word' id='word_1_102' title='bbox 505 2227 640 2314; x_wconf 80' lang='grc' dir='ltr'><strong><em>ποιῆσαι</em></strong></span> <span class='ocrx_word' id='word_1_103' title='bbox 661 2228 721 2307; x_wconf 75' lang='grc' dir='ltr'><strong><em>τοὶς</em></strong></span> <span class='ocrx_word' id='word_1_104' title='bbox 744 2225 857 2307; x_wconf 81' lang='grc' dir='ltr'><strong><em>πόλεις</em></strong></span> <span class='ocrx_word' id='word_1_105' title='bbox 890 2234 956 2296; x_wconf 74' lang='grc' dir='ltr'><strong><em>τοῖν</em></strong></span> <span class='ocrx_word' id='word_1_106' title='bbox 988 2254 1022 2293; x_wconf 83' lang='grc' dir='ltr'><strong><em>τε</em></strong></span> <span class='ocrx_word' id='word_1_107' title='bbox 1056 2225 1214 2317; x_wconf 75' lang='grc' dir='ltr'><strong><em>πρότερον</em></strong></span> <span class='ocrx_word' id='word_1_108' title='bbox 1239 2231 1324 2316; x_wconf 84' lang='grc' dir='ltr'><strong><em>ζητη-</em></strong></span> 
     </span>
     <span class='ocr_line' id='line_1_18' title="bbox 151 2336 580 2421; baseline -0.007 -19"><span class='ocrx_word' id='word_1_109' title='bbox 151 2337 271 2421; x_wconf 80' lang='grc' dir='ltr'><strong><em>μοίτων</em></strong></span> <span class='ocrx_word' id='word_1_110' title='bbox 294 2336 496 2414; x_wconf 75' lang='grc' dir='ltr'><strong><em>ἀπαλλάξας</em></strong></span> <span class='ocrx_word' id='word_1_111' title='bbox 511 2385 517 2398; x_wconf 89' lang='grc'><strong>.</strong></span> <span class='ocrx_word' id='word_1_112' title='bbox 532 2385 537 2396; x_wconf 94' lang='grc'><strong>.</strong></span> <span class='ocrx_word' id='word_1_113' title='bbox 554 2387 559 2399; x_wconf 95' lang='grc'>.</span> <span class='ocrx_word' id='word_1_114' title='bbox 575 2387 580 2399; x_wconf 94' lang='grc'>.</span> 
     </span>
    </p>

    <p class='ocr_par' dir='ltr' id='par_1_10' title="bbox 153 2439 1324 2614">
     <span class='ocr_line' id='line_1_19' title="bbox 268 2439 1324 2525; baseline -0.001 -20"><span class='ocrx_word' id='word_1_115' title='bbox 268 2441 305 2519; x_wconf 88' lang='lat' dir='ltr'>,si</span> <span class='ocrx_word' id='word_1_116' title='bbox 328 2440 503 2507; x_wconf 89' lang='lat' dir='ltr'>conciliare</span> <span class='ocrx_word' id='word_1_117' title='bbox 527 2440 677 2508; x_wconf 86' lang='lat' dir='ltr'>civitates</span> <span class='ocrx_word' id='word_1_118' title='bbox 713 2439 839 2525; x_wconf 89' lang='lat' dir='ltr'>possim</span> <span class='ocrx_word' id='word_1_119' title='bbox 874 2439 1013 2506; x_wconf 88' lang='lat' dir='ltr'>sublatis</span> <span class='ocrx_word' id='word_1_120' title='bbox 1049 2440 1215 2525; x_wconf 89' lang='lat' dir='ltr'>prioribus</span> <span class='ocrx_word' id='word_1_121' title='bbox 1250 2461 1324 2505; x_wconf 90' lang='lat' dir='ltr'>con·</span> 
     </span>
     <span class='ocr_line' id='line_1_20' title="bbox 153 2548 406 2614; baseline 0.004 -1"><span class='ocrx_word' id='word_1_122' title='bbox 153 2548 328 2614; x_wconf 87' lang='lat' dir='ltr'>troversiis</span> <span class='ocrx_word' id='word_1_123' title='bbox 343 2597 348 2610; x_wconf 90' lang='lat'>.</span> <span class='ocrx_word' id='word_1_124' title='bbox 366 2600 371 2611; x_wconf 90' lang='lat'><em>.</em></span> <span class='ocrx_word' id='word_1_125' title='bbox 390 2549 406 2612; x_wconf 90' lang='lat'>.&#39;</span> 
     </span>
    </p>

    <p class='ocr_par' dir='ltr' id='par_1_11' title="bbox 153 2651 1324 2954">
     <span class='ocr_line' id='line_1_21' title="bbox 266 2651 1324 2740; baseline 0 -22"><span class='ocrx_word' id='word_1_126' title='bbox 266 2655 318 2719; x_wconf 83' lang='lat' dir='ltr'>Ex</span> <span class='ocrx_word' id='word_1_127' title='bbox 352 2653 476 2740; x_wconf 89' lang='lat' dir='ltr'>quibus</span> <span class='ocrx_word' id='word_1_128' title='bbox 516 2653 551 2718; x_wconf 90' lang='lat' dir='ltr'>id</span> <span class='ocrx_word' id='word_1_129' title='bbox 587 2654 696 2718; x_wconf 89' lang='lat' dir='ltr'>solum</span> <span class='ocrx_word' id='word_1_130' title='bbox 731 2659 870 2738; x_wconf 91' lang='lat' dir='ltr'>apparet</span> <span class='ocrx_word' id='word_1_131' title='bbox 905 2673 945 2717; x_wconf 86' lang='lat' dir='ltr'>ex</span> <span class='ocrx_word' id='word_1_132' title='bbox 980 2651 1112 2718; x_wconf 92' lang='lat' dir='ltr'>duobus</span> <span class='ocrx_word' id='word_1_133' title='bbox 1147 2653 1324 2738; x_wconf 86' lang='lat' dir='ltr'>praecipue</span> 
     </span>
     <span class='ocr_line' id='line_1_22' title="bbox 154 2759 1323 2851; baseline -0.004 -21"><span class='ocrx_word' id='word_1_134' title='bbox 154 2763 319 2851; x_wconf 75' lang='grc' dir='ltr'><strong><em>ζητήμασι</em></strong></span> <span class='ocrx_word' id='word_1_135' title='bbox 344 2761 445 2848; x_wconf 63' lang='lat' dir='ltr'>[cta]</span> <span class='ocrx_word' id='word_1_136' title='bbox 471 2761 681 2826; x_wconf 88' lang='lat' dir='ltr'>inimicitiam</span> <span class='ocrx_word' id='word_1_137' title='bbox 705 2767 811 2825; x_wconf 86' lang='lat' dir='ltr'>ortam</span> <span class='ocrx_word' id='word_1_138' title='bbox 836 2781 923 2827; x_wconf 89' lang='lat' dir='ltr'>esse:</span> <span class='ocrx_word' id='word_1_139' title='bbox 949 2781 990 2824; x_wconf 88' lang='lat' dir='ltr'>ex</span> <span class='ocrx_word' id='word_1_140' title='bbox 1014 2759 1165 2844; x_wconf 89' lang='lat' dir='ltr'>pecuniis</span> <span class='ocrx_word' id='word_1_141' title='bbox 1189 2759 1323 2846; x_wconf 89' lang='lat' dir='ltr'>quibus-</span> 
     </span>
     <span class='ocr_line' id='line_1_23' title="bbox 153 2865 1321 2954; baseline -0.003 -21"><span class='ocrx_word' id='word_1_142' title='bbox 153 2870 283 2934; x_wconf 91' lang='lat' dir='ltr'>damet</span> <span class='ocrx_word' id='word_1_143' title='bbox 297 2890 386 2954; x_wconf 84' lang='lat' dir='ltr'>agro,</span> <span class='ocrx_word' id='word_1_144' title='bbox 404 2890 490 2954; x_wconf 90' lang='lat' dir='ltr'>quae</span> <span class='ocrx_word' id='word_1_145' title='bbox 504 2874 536 2933; x_wconf 90' lang='lat' dir='ltr'>et</span> <span class='ocrx_word' id='word_1_146' title='bbox 551 2871 759 2953; x_wconf 86' lang='lat' dir='ltr'>Apamenses</span> <span class='ocrx_word' id='word_1_147' title='bbox 776 2873 808 2931; x_wconf 89' lang='lat' dir='ltr'>et</span> <span class='ocrx_word' id='word_1_148' title='bbox 823 2867 1006 2932; x_wconf 87' lang='lat' dir='ltr'>Prusenses</span> <span class='ocrx_word' id='word_1_149' title='bbox 1020 2865 1083 2931; x_wconf 90' lang='lat' dir='ltr'>sibi</span> <span class='ocrx_word' id='word_1_150' title='bbox 1097 2866 1321 2932; x_wconf 86' lang='lat' dir='ltr'>vindicabant.</span> 
     </span>
    </p>

    <p class='ocr_par' dir='ltr' id='par_1_12' title="bbox 151 2973 1410 4013">
     <span class='ocr_line' id='line_1_24' title="bbox 266 2973 1322 3040; baseline -0.001 0"><span class='ocrx_word' id='word_1_151' title='bbox 266 2975 392 3040; x_wconf 89' lang='lat' dir='ltr'>Licebit</span> <span class='ocrx_word' id='word_1_152' title='bbox 415 2981 527 3039; x_wconf 86' lang='lat' dir='ltr'>autem</span> <span class='ocrx_word' id='word_1_153' title='bbox 551 2974 593 3038; x_wconf 91' lang='lat' dir='ltr'>ad</span> <span class='ocrx_word' id='word_1_154' title='bbox 617 2973 831 3039; x_wconf 90' lang='lat' dir='ltr'>illustrandos</span> <span class='ocrx_word' id='word_1_155' title='bbox 866 2973 927 3038; x_wconf 91' lang='lat' dir='ltr'>hos</span> <span class='ocrx_word' id='word_1_156' title='bbox 960 2973 1049 3038; x_wconf 90' lang='lat' dir='ltr'>locos</span> <span class='ocrx_word' id='word_1_157' title='bbox 1084 2975 1202 3038; x_wconf 85' lang='lat' dir='ltr'>afferre</span> <span class='ocrx_word' id='word_1_158' title='bbox 1231 2973 1322 3039; x_wconf 91' lang='lat' dir='ltr'>alios.</span> 
     </span>
     <span class='ocr_line' id='line_1_25' title="bbox 153 3063 1324 3169; baseline -0.003 -20"><span class='ocrx_word' id='word_1_159' title='bbox 153 3085 276 3169; x_wconf 83' lang='lat' dir='ltr'>Neque</span> <span class='ocrx_word' id='word_1_160' title='bbox 316 3083 406 3148; x_wconf 90' lang='lat' dir='ltr'>enim</span> <span class='ocrx_word' id='word_1_161' title='bbox 444 3082 580 3147; x_wconf 80' lang='lat' dir='ltr'>fortuito</span> <span class='ocrx_word' id='word_1_162' title='bbox 619 3082 738 3166; x_wconf 91' lang='lat' dir='ltr'>opinor</span> <span class='ocrx_word' id='word_1_163' title='bbox 776 3081 903 3145; x_wconf 87' lang='lat' dir='ltr'>lactum</span> <span class='ocrx_word' id='word_1_164' title='bbox 942 3063 1022 3159; x_wconf 80' lang='lat' dir='ltr'>esse,</span> <span class='ocrx_word' id='word_1_165' title='bbox 1062 3079 1153 3165; x_wconf 90' lang='lat' dir='ltr'>quod</span> <span class='ocrx_word' id='word_1_166' title='bbox 1189 3081 1252 3144; x_wconf 90' lang='lat' dir='ltr'>Dio</span> <span class='ocrx_word' id='word_1_167' title='bbox 1293 3087 1324 3145; x_wconf 89' lang='lat' dir='ltr'>et</span> 
     </span>
     <span class='ocr_line' id='line_1_26' title="bbox 155 3187 1324 3276; baseline -0.001 -21"><span class='ocrx_word' id='word_1_168' title='bbox 155 3192 224 3276; x_wconf 82' lang='lat'>[40‚</span> <span class='ocrx_word' id='word_1_169' title='bbox 236 3191 284 3272; x_wconf 65' lang='lat'>141</span> <span class='ocrx_word' id='word_1_170' title='bbox 320 3189 445 3256; x_wconf 87' lang='lat' dir='ltr'>civium</span> <span class='ocrx_word' id='word_1_171' title='bbox 480 3187 692 3274; x_wconf 90' lang='lat' dir='ltr'>quorundam</span> <span class='ocrx_word' id='word_1_172' title='bbox 728 3188 903 3254; x_wconf 90' lang='lat' dir='ltr'>avaritiam</span> <span class='ocrx_word' id='word_1_173' title='bbox 940 3187 1161 3272; x_wconf 86' lang='lat' dir='ltr'>castigaverit,</span> <span class='ocrx_word' id='word_1_174' title='bbox 1199 3187 1324 3272; x_wconf 87' lang='lat' dir='ltr'>quippe</span> 
     </span>
     <span class='ocr_line' id='line_1_27' title="bbox 153 3293 1323 3384; baseline -0.003 -22"><span class='ocrx_word' id='word_1_175' title='bbox 153 3298 219 3384; x_wconf 92' lang='lat' dir='ltr'>qui</span> <span class='ocrx_word' id='word_1_176' title='bbox 249 3296 400 3383; x_wconf 89' lang='lat' dir='ltr'>pecuniis</span> <span class='ocrx_word' id='word_1_177' title='bbox 428 3318 469 3360; x_wconf 88' lang='lat' dir='ltr'>ex</span> <span class='ocrx_word' id='word_1_178' title='bbox 497 3294 715 3381; x_wconf 85' lang='lat' dir='ltr'>vectigalibus</span> <span class='ocrx_word' id='word_1_179' title='bbox 747 3294 871 3359; x_wconf 87' lang='lat' dir='ltr'>scilieet</span> <span class='ocrx_word' id='word_1_180' title='bbox 894 3293 1059 3360; x_wconf 85' lang='lat' dir='ltr'>concessis</span> <span class='ocrx_word' id='word_1_181' title='bbox 1084 3315 1151 3358; x_wconf 89' lang='lat' dir='ltr'>non</span> <span class='ocrx_word' id='word_1_182' title='bbox 1177 3296 1323 3358; x_wconf 90' lang='lat' dir='ltr'>contenti</span> 
     </span>
     <span class='ocr_line' id='line_1_28' title="bbox 153 3400 1410 3490; baseline -0.007 -17"><span class='ocrx_word' id='word_1_183' title='bbox 153 3411 278 3484; x_wconf 87' lang='lat' dir='ltr'>essent,</span> <span class='ocrx_word' id='word_1_184' title='bbox 304 3411 335 3470; x_wconf 92' lang='lat' dir='ltr'>et</span> <span class='ocrx_word' id='word_1_185' title='bbox 360 3404 484 3490; x_wconf 61' lang='lat' dir='ltr'>[losa]</span> <span class='ocrx_word' id='word_1_186' title='bbox 511 3403 679 3467; x_wconf 89' lang='lat' dir='ltr'>monuerit</span> <span class='ocrx_word' id='word_1_187' title='bbox 701 3403 883 3466; x_wconf 88' lang='lat' dir='ltr'>Prusenses</span> <span class='ocrx_word' id='word_1_188' title='bbox 908 3401 1050 3466; x_wconf 87' lang='lat' dir='ltr'>dioecesi</span> <span class='ocrx_word' id='word_1_189' title='bbox 1074 3421 1231 3466; x_wconf 87' lang='lat' dir='ltr'>concessa</span> <span class='ocrx_word' id='word_1_190' title='bbox 1253 3400 1323 3487; x_wconf 90' lang='lat' dir='ltr'>plu·</span> <span class='ocrx_word' id='word_1_191' title='bbox 1408 3431 1410 3438; x_wconf 95' lang='lat'>·</span> 
     </span>
     <span class='ocr_line' id='line_1_29' title="bbox 153 3508 1324 3595; baseline -0.003 -19"><span class='ocrx_word' id='word_1_192' title='bbox 153 3513 261 3576; x_wconf 90' lang='lat' dir='ltr'>rimos</span> <span class='ocrx_word' id='word_1_193' title='bbox 292 3512 407 3595; x_wconf 87' lang='lat' dir='ltr'>premi.</span> <span class='ocrx_word' id='word_1_194' title='bbox 455 3511 527 3576; x_wconf 87' lang='lat' dir='ltr'>lam</span> <span class='ocrx_word' id='word_1_195' title='bbox 545 3510 572 3574; x_wconf 90' lang='lat' dir='ltr'>si</span> <span class='ocrx_word' id='word_1_196' title='bbox 591 3516 677 3575; x_wconf 88' lang='lat' dir='ltr'>recte</span> <span class='ocrx_word' id='word_1_197' title='bbox 693 3508 839 3574; x_wconf 84' lang='lat' dir='ltr'>iudicavi</span> <span class='ocrx_word' id='word_1_198' title='bbox 856 3508 1038 3574; x_wconf 87' lang='lat' dir='ltr'>Prusenses</span> <span class='ocrx_word' id='word_1_199' title='bbox 1055 3514 1131 3572; x_wconf 91' lang='lat' dir='ltr'>ante</span> <span class='ocrx_word' id='word_1_200' title='bbox 1148 3508 1324 3593; x_wconf 86' lang='lat' dir='ltr'>impetrata</span> 
     </span>
     <span class='ocr_line' id='line_1_30' title="bbox 153 3615 1323 3705; baseline -0.006 -18"><span class='ocrx_word' id='word_1_201' title='bbox 153 3617 341 3705; x_wconf 76' lang='grc' dir='ltr'><strong><em>διοικήσεως</em></strong></span> <span class='ocrx_word' id='word_1_202' title='bbox 375 3618 549 3703; x_wconf 85' lang='lat' dir='ltr'>privilegia</span> <span class='ocrx_word' id='word_1_203' title='bbox 576 3615 825 3701; x_wconf 85' lang='lat' dir='ltr'>Apamensibus</span> <span class='ocrx_word' id='word_1_204' title='bbox 860 3615 1010 3679; x_wconf 90' lang='lat' dir='ltr'>subditos</span> <span class='ocrx_word' id='word_1_205' title='bbox 1039 3615 1151 3691; x_wconf 80' lang='lat' dir='ltr'>fuisse,</span> <span class='ocrx_word' id='word_1_206' title='bbox 1187 3622 1219 3679; x_wconf 91' lang='lat' dir='ltr'>et</span> <span class='ocrx_word' id='word_1_207' title='bbox 1241 3615 1323 3680; x_wconf 85' lang='lat' dir='ltr'>fines</span> 
     </span>
     <span class='ocr_line' id='line_1_31' title="bbox 153 3720 1324 3810; baseline -0.004 -19"><span class='ocrx_word' id='word_1_208' title='bbox 153 3735 187 3792; x_wconf 90' lang='lat' dir='ltr'>et</span> <span class='ocrx_word' id='word_1_209' title='bbox 223 3724 399 3809; x_wconf 85' lang='lat' dir='ltr'>vectigalia</span> <span class='ocrx_word' id='word_1_210' title='bbox 423 3724 668 3810; x_wconf 88' lang='lat' dir='ltr'>Apamensium</span> <span class='ocrx_word' id='word_1_211' title='bbox 703 3721 847 3787; x_wconf 85' lang='lat' dir='ltr'>dioecesi</span> <span class='ocrx_word' id='word_1_212' title='bbox 871 3721 1028 3786; x_wconf 88' lang='lat' dir='ltr'>Prusensi</span> <span class='ocrx_word' id='word_1_213' title='bbox 1052 3721 1204 3786; x_wconf 89' lang='lat' dir='ltr'>instituta</span> <span class='ocrx_word' id='word_1_214' title='bbox 1227 3720 1324 3787; x_wconf 88' lang='lat' dir='ltr'>valde</span> 
     </span>
     <span class='ocr_line' id='line_1_32' title="bbox 152 3827 1323 3914; baseline -0.005 -16"><span class='ocrx_word' id='word_1_215' title='bbox 152 3833 409 3898; x_wconf 85' lang='lat' dir='ltr'>deminutaesse</span> <span class='ocrx_word' id='word_1_216' title='bbox 418 3831 700 3907; x_wconf 78' lang='lat' dir='ltr'>manifestumest</span> <span class='ocrx_word' id='word_1_217' title='bbox 709 3850 817 3914; x_wconf 93' lang='lat' dir='ltr'>neque</span> <span class='ocrx_word' id='word_1_218' title='bbox 827 3829 951 3894; x_wconf 87' lang='lat' dir='ltr'>mirum</span> <span class='ocrx_word' id='word_1_219' title='bbox 960 3835 1017 3906; x_wconf 91' lang='lat' dir='ltr'>est,</span> <span class='ocrx_word' id='word_1_220' title='bbox 1030 3827 1165 3913; x_wconf 87' lang='lat' dir='ltr'>quodea</span> <span class='ocrx_word' id='word_1_221' title='bbox 1173 3828 1213 3892; x_wconf 92' lang='lat' dir='ltr'>de</span> <span class='ocrx_word' id='word_1_222' title='bbox 1223 3848 1323 3892; x_wconf 87' lang='lat' dir='ltr'>causa</span> 
     </span>
     <span class='ocr_line' id='line_1_33' title="bbox 151 3933 1321 4013; baseline -0.007 -8"><span class='ocrx_word' id='word_1_223' title='bbox 151 3938 381 4006; x_wconf 89' lang='lat' dir='ltr'>Prusensibus</span> <span class='ocrx_word' id='word_1_224' title='bbox 394 3937 642 4003; x_wconf 78' lang='lat' dir='ltr'>succensebant.</span> <span class='ocrx_word' id='word_1_225' title='bbox 669 3937 763 4013; x_wconf 78' lang='lat' dir='ltr'>Quae</span> <span class='ocrx_word' id='word_1_226' title='bbox 771 3935 861 4000; x_wconf 67' lang='lat' dir='ltr'>hacid</span> <span class='ocrx_word' id='word_1_227' title='bbox 876 3934 942 4000; x_wconf 88' lang='lat' dir='ltr'>scio</span> <span class='ocrx_word' id='word_1_228' title='bbox 956 3956 1000 3998; x_wconf 90' lang='lat' dir='ltr'>an</span> <span class='ocrx_word' id='word_1_229' title='bbox 1013 3934 1083 3999; x_wconf 93' lang='lat' dir='ltr'>loco</span> <span class='ocrx_word' id='word_1_230' title='bbox 1094 3934 1146 4010; x_wconf 79' lang='lat'>41,</span> <span class='ocrx_word' id='word_1_231' title='bbox 1158 3935 1197 4001; x_wconf 88' lang='grc'>10</span> <span class='ocrx_word' id='word_1_232' title='bbox 1208 3933 1321 3999; x_wconf 88' lang='lat' dir='ltr'>confir·</span> 
     </span>
    </p>
   </div>
   <div class='ocr_carea' id='block_1_6' title="bbox 150 4139 473 4150">
    <p class='ocr_par' dir='ltr' id='par_1_13' title="bbox 150 4139 473 4150">
     <span class='ocr_line' id='line_1_34' title="bbox 150 4139 473 4150; baseline -0.006 -4"><span class='ocrx_word' id='word_1_233' title='bbox 150 4139 473 4150; x_wconf 70' lang='grc'><em>,,,......-..-,.--..-..-.-</em></span> 
     </span>
    </p>
   </div>
   <div class='ocr_carea' id='block_1_7' title="bbox 144 4251 1322 4605">
    <p class='ocr_par' dir='ltr' id='par_1_14' title="bbox 264 4251 1303 4330">
     <span class='ocr_line' id='line_1_35' title="bbox 264 4251 1303 4330; baseline -0.006 -16"><span class='ocrx_word' id='word_1_234' title='bbox 264 4265 355 4330; x_wconf 80' lang='lat'>40‚23.</span> <span class='ocrx_word' id='word_1_235' title='bbox 389 4266 411 4316; x_wconf 87' lang='lat'>1.</span> <span class='ocrx_word' id='word_1_236' title='bbox 431 4257 506 4312; x_wconf 72' lang='grc' dir='ltr'><strong><em>αὐτοὶ</em></strong></span> <span class='ocrx_word' id='word_1_237' title='bbox 524 4258 602 4326; x_wconf 80' lang='lat' dir='ltr'>Emp.</span> <span class='ocrx_word' id='word_1_238' title='bbox 622 4255 711 4316; x_wconf 72' lang='grc' dir='ltr'><strong><em>αὐτοῖς</em></strong></span> <span class='ocrx_word' id='word_1_239' title='bbox 730 4258 778 4314; x_wconf 85' lang='lat' dir='ltr'>rel.</span> <span class='ocrx_word' id='word_1_240' title='bbox 798 4287 830 4294; x_wconf 95' lang='lat'>—-</span> <span class='ocrx_word' id='word_1_241' title='bbox 851 4253 1042 4327; x_wconf 72' lang='grc' dir='ltr'><strong><em>φανησόμεθα,</em></strong></span> <span class='ocrx_word' id='word_1_242' title='bbox 1063 4251 1251 4326; x_wconf 74' lang='grc' dir='ltr'><strong><em>φανησώμεθα</em></strong></span> <span class='ocrx_word' id='word_1_243' title='bbox 1270 4254 1303 4308; x_wconf 86' lang='grc' dir='ltr'>Β.</span> 
     </span>
    </p>

    <p class='ocr_par' dir='ltr' id='par_1_15' title="bbox 265 4345 867 4418">
     <span class='ocr_line' id='line_1_36' title="bbox 265 4345 867 4418; baseline -0.003 -15"><span class='ocrx_word' id='word_1_244' title='bbox 265 4352 356 4418; x_wconf 83' lang='grc'>40,30.</span> <span class='ocrx_word' id='word_1_245' title='bbox 395 4354 417 4403; x_wconf 93' lang='grc'>1.</span> <span class='ocrx_word' id='word_1_246' title='bbox 436 4353 544 4400; x_wconf 79' lang='grc' dir='ltr'><strong><em>τοσοῦτο</em></strong></span> <span class='ocrx_word' id='word_1_247' title='bbox 563 4347 596 4400; x_wconf 92' lang='grc' dir='ltr'>Β.</span> <span class='ocrx_word' id='word_1_248' title='bbox 616 4345 655 4400; x_wconf 92' lang='grc' dir='ltr'>Μ.</span> <span class='ocrx_word' id='word_1_249' title='bbox 675 4354 800 4400; x_wconf 79' lang='grc' dir='ltr'><strong><em>τοσοῦτον</em></strong></span> <span class='ocrx_word' id='word_1_250' title='bbox 819 4347 867 4401; x_wconf 84' lang='lat' dir='ltr'>rel.</span> 
     </span>
    </p>

    <p class='ocr_par' dir='ltr' id='par_1_16' title="bbox 144 4429 1322 4605">
     <span class='ocr_line' id='line_1_37' title="bbox 265 4429 1321 4510; baseline -0.004 -18"><span class='ocrx_word' id='word_1_251' title='bbox 265 4442 338 4505; x_wconf 81' lang='lat'>41,8.</span> <span class='ocrx_word' id='word_1_252' title='bbox 378 4443 400 4492; x_wconf 87' lang='lat'>1.</span> <span class='ocrx_word' id='word_1_253' title='bbox 420 4435 546 4508; x_wconf 75' lang='grc' dir='ltr'><strong><em>πρότερον</em></strong></span> <span class='ocrx_word' id='word_1_254' title='bbox 565 4437 606 4493; x_wconf 88' lang='grc' dir='ltr'>Μ,</span> <span class='ocrx_word' id='word_1_255' title='bbox 626 4442 757 4506; x_wconf 75' lang='grc' dir='ltr'><strong><em>προτέρων</em></strong></span> <span class='ocrx_word' id='word_1_256' title='bbox 775 4437 869 4489; x_wconf 87' lang='lat' dir='ltr'>rel-</span> <span class='ocrx_word' id='word_1_257' title='bbox 886 4431 1049 4505; x_wconf 74' lang='grc' dir='ltr'><strong><em>ζητημάτων.</em></strong></span> <span class='ocrx_word' id='word_1_258' title='bbox 1067 4429 1233 4504; x_wconf 79' lang='grc' dir='ltr'><strong><em>ζηλωμάτων</em></strong></span> <span class='ocrx_word' id='word_1_259' title='bbox 1247 4431 1321 4510; x_wconf 81' lang='lat' dir='ltr'>Geel.</span> 
     </span>
     <span class='ocr_line' id='line_1_38' title="bbox 144 4519 1322 4605; baseline -0.01 -17"><span class='ocrx_word' id='word_1_260' title='bbox 144 4526 332 4605; x_wconf 69' lang='grc' dir='ltr'><strong><em>ἐγκλημάτων</em></strong></span> <span class='ocrx_word' id='word_1_261' title='bbox 347 4527 467 4596; x_wconf 80' lang='lat' dir='ltr'>Emperii</span> <span class='ocrx_word' id='word_1_262' title='bbox 482 4541 595 4580; x_wconf 86' lang='lat' dir='ltr'>censura</span> <span class='ocrx_word' id='word_1_263' title='bbox 613 4525 674 4579; x_wconf 90' lang='lat' dir='ltr'>libri</span> <span class='ocrx_word' id='word_1_264' title='bbox 691 4523 816 4579; x_wconf 82' lang='lat' dir='ltr'>Geeliani</span> <span class='ocrx_word' id='word_1_265' title='bbox 833 4541 877 4592; x_wconf 83' lang='lat' dir='ltr'>pg.</span> <span class='ocrx_word' id='word_1_266' title='bbox 893 4525 943 4577; x_wconf 83' lang='grc'>367</span> <span class='ocrx_word' id='word_1_267' title='bbox 969 4522 1078 4591; x_wconf 86' lang='lat' dir='ltr'>[Annal.</span> <span class='ocrx_word' id='word_1_268' title='bbox 1097 4522 1218 4578; x_wconf 81' lang='lat' dir='ltr'>Dermst.</span> <span class='ocrx_word' id='word_1_269' title='bbox 1237 4519 1322 4588; x_wconf 61' lang='lat'>1841}</span> 
     </span>
    </p>
   </div>
   <div class='ocr_carea' id='block_1_8' title="bbox 0 0 1622 5312">
    <p class='ocr_par' dir='ltr' id='par_1_17' title="bbox 0 0 1622 5312">
     <span class='ocr_line' id='line_1_39' title="bbox 0 0 1622 5312; baseline 0 0"><span class='ocrx_word' id='word_1_270' title='bbox 0 0 1622 5312; x_wconf 95' lang='lat' dir='ltr'> </span> 
     </span>
    </p>
   </div>
  </div>
 </body>
</html>
