3234 5312
612 1355 840 1464 Vita.

249 1797 355 1861 Natus
380 1819 454 1860 sum
483 1818 543 1882 ego
567 1797 725 1862 Wilhehn
756 1798 851 1862 Peter
876 1798 976 1864 Adoll
999 1798 1141 1862 Clausen
1181 1796 1307 1882 Tycho·

138 1903 210 1988 poli
234 1903 405 1968 Holsatiae
430 1903 482 1968 die
506 1903 563 1969 IV.
601 1925 705 1968 mens,
732 1904 819 1989 Sept.
853 1927 880 1969 a.
912 1906 992 1970 1867
1023 1911 1115 1990 patre
1140 1904 1307 1969 Friderico

139 2010 275 2090 Ottone,
300 2017 380 2076 tunc
411 2017 618 2096 compastore
650 2011 805 2075 ecclesiae
829 2012 1113 2098 Tychopolitanae
1138 2011 1307 2096 simulque

138 2115 304 2182 advocato
327 2119 364 2181 in
388 2139 560 2182 summum
584 2118 755 2182 Holsatiae
779 2120 1023 2198 consistorium,
1048 2139 1139 2182 nunc
1164 2119 1305 2182 Doctore

139 2224 338 2309 theologiae,
375 2247 395 2289 a
434 2224 579 2290 consiliis
616 2225 713 2310 Regii
748 2225 934 2290 consistorii
969 2225 1139 2304 Kiliensis,
1176 2231 1307 2309 pastore

139 2331 299 2395 ecclesiae
314 2331 350 2395 in
366 2331 440 2397 vico
456 2332 618 2416 Bruegge,
643 2337 748 2396 matre
764 2332 908 2397 Therese
932 2331 972 2396 de
996 2339 1095 2416 gente
1113 2331 1306 2395 Soerensen.

139 2437 262 2502 Fidem
285 2439 441 2524 profiteor
456 2438 692 2503 liutheranam.
740 2439 941 2504 Litterarum
958 2438 1113 2524 primitiis
1131 2445 1162 2502 et
1178 2459 1198 2502 a
1214 2445 1307 2523 patre

140 2545 234 2610 etin
258 2545 336 2609 ludo
359 2545 500 2630 privato,
534 2545 593 2631 qui
616 2552 696 2610 tunc
720 2545 892 2631 Brueggae
917 2553 996 2624 erat,
1032 2545 1182 2610 imbutus
1216 2567 1307 2630 gym-

140 2652 239 2716 nasia
272 2652 483 2738 frequentavi
507 2653 673 2717 Plunense
711 2658 743 2716 et
773 2652 1048 2717 Haderslebense.
1107 2653 1158 2715 Ex
1191 2673 1306 2716 eorum

140 2765 257 2824 autem
282 2781 432 2838 numero,
469 2781 614 2844 quorum
650 2759 825 2844 disciplina
862 2781 943 2824 usus
978 2781 1063 2836 sum,
1100 2780 1305 2844 quamquam

140 2865 301 2931 omnibus
326 2888 456 2952 semper
479 2867 602 2952 gratias
626 2866 766 2945 habebo,
802 2873 915 2932 tamen
947 2865 1144 2931 nominandi
1169 2873 1247 2930 sunt
1270 2866 1305 2928 L.

141 2973 341 3038 Siemonsen
358 2980 391 3038 et
413 2974 455 3039 K.
474 2974 632 3052 Goecker,
657 2995 801 3058 quorum
818 2975 1026 3039 humanitate
1045 2995 1114 3036 non
1131 2973 1307 3037 minimam

140 3085 274 3166 partem
298 3087 484 3146 commotus
508 3101 593 3159 sum,
627 3087 664 3145 ut
689 3103 742 3145 me
766 3081 966 3166 philologiae
990 3080 1198 3146 devoverem.
1246 3079 1308 3143 lm-

141 3188 262 3274 primis
286 3209 364 3254 vero
388 3210 442 3253 me
466 3188 634 3254 beneficiis
658 3188 842 3254 cumulavit
864 3188 900 3252 P.
926 3188 968 3251 H.
992 3188 1118 3265 lusson,
1144 3188 1195 3253 vir
1225 3187 1309 3250 mira

142 3294 293 3379 quadam
309 3296 440 3380 pietate,
458 3317 570 3360 amore
587 3295 721 3380 patriae,
740 3294 899 3372 doctrina,
916 3294 1135 3372 humanitate,
1153 3294 1308 3358 comitate

142 3401 325 3488 praeditus
358 3403 417 3488 qui
442 3409 521 3468 tunc
546 3401 687 3467 director
710 3402 878 3487 gymnasii
901 3400 1178 3466 Haderslebensis
1206 3399 1309 3485 patris

142 3511 251 3575 instar
274 3516 306 3574 et
329 3509 505 3595 disciplina
523 3517 555 3574 et
570 3508 752 3574 domestica
767 3507 1008 3573 consuetudine
1025 3507 1177 3572 animum
1194 3528 1308 3571 meum
1364 3563 1366 3572 .

142 3616 188 3682 ad
212 3617 413 3682 humaniora
436 3615 547 3682 studia
570 3616 726 3682 excitavit
751 3622 783 3680 et
806 3622 921 3701 postea
944 3615 1054 3680 Kiliae
1078 3615 1184 3679 otium
1208 3635 1310 3698 agens

142 3724 458 3789 benevolentissime
481 3723 592 3788 studia
608 3723 664 3786 illa
680 3721 755 3787 mea
772 3729 966 3808 prosecutus
990 3728 1048 3799 est,
1066 3721 1171 3786 donec
1195 3726 1310 3785 exacta

142 3836 263 3909 aetate,
287 3831 370 3894 mihi
393 3837 506 3896 tamen
530 3837 668 3908 mature,
695 3851 711 3894 e
736 3829 805 3896 vita
821 3829 969 3894 decessit.
1008 3830 1052 3893 At
1074 3829 1208 3913 gratias
1226 3849 1310 3912 quas

143 3938 219 4006 viro
254 3938 529 4003 excellentissimo
554 3936 668 4014 debeo,
708 3959 728 4002 a
760 3958 813 4002 me
837 3957 1013 4021 nunquam
1053 3936 1176 4020 expleri
1213 3955 1310 4020 posse

143 4045 313 4111 confiteor,

255 4153 456 4218 Maturitatis
479 4151 668 4217 testimonio
692 4151 874 4215 instructus
898 4150 939 4216 ab
964 4172 1052 4215 armo
1090 4150 1171 4213 1887
1201 4148 1311 4213 Kiliae

144 4261 225 4339 du0,
250 4260 428 4344 Gottingae
452 4281 559 4324 unum
583 4265 740 4323 semestre
765 4258 910 4322 classicis
934 4265 965 4322 et
981 4256 1174 4341 theologicis
1192 4253 1310 4320 studiis

143 4389 283 4454 operam
300 4367 431 4432 navavi.
473 4365 612 4446 Deinde,
626 4386 702 4429 cum
717 4365 997 4430 Novimonasterii
1015 4384 1128 4428 annua
1147 4361 1312 4447 stipendia

143 4475 355 4553 meruissem,
392 4473 518 4538 Kiliam
556 4493 707 4537 reversus
743 4493 801 4557 per
825 4478 897 4536 octo
922 4472 1093 4535 semestria
1119 4469 1167 4533 bis
1192 4469 1311 4533 exerci-

143 4582 330 4650 tationibus
353 4580 554 4645 militaribus
578 4581 764 4664 interrupta
797 4578 907 4643 studia
930 4577 1133 4652 continuavi.
1184 4575 1311 4645 Sodalis
