3234 5312
621 339 842 406 —tla

257 532 314 597 VI.
350 535 442 614 48‚6.
490 550 526 604 τί
554 537 617 625 γάρ
650 535 693 603 ἂν
725 542 773 624 εἴη
797 543 853 624 τῆς
884 532 1042 627 ἡμετέρας
1065 538 1312 626 ἐπιδημίας

152 635 284 720 ὄφελος.
300 692 306 704 .
322 691 350 704 ..
1261 631 1262 636 ¹

257 746 355 822 ‚Nam
378 748 432 814 cui
455 747 543 822 bono
566 749 651 813 foret
674 748 862 834 praesentia
884 765 960 814 mea
973 799 979 812 .
992 797 1002 816 .
1015 799 1022 812 .
1037 749 1053 813 .’

257 853 332 919 Hoc
355 855 455 920 etiam
491 853 562 920 loco
585 855 649 920 Dio
673 855 792 921 vocula
815 857 991 944 ἐπιδημίας
1014 875 1096 920 usus
1120 877 1154 921 se
1190 857 1311 922 iterum

152 959 296 1047 patriam
320 982 392 1028 esse
415 962 608 1027 relicturum
631 961 763 1029 videtur
786 962 982 1047 significare.

257 1173 332 1240 VII.
369 1175 483 1253 49,15.
530 1168 616 1243 α’λλᾶ
641 1176 676 1243 τὰ
702 1169 755 1244 de
780 1180 910 1257 πλείους
933 1176 1088 1263 ἀσχολίας
1109 1179 1312 1258 καταλαβεῖν

153 1291 250 1368 μέχρι
284 1283 382 1351 τοῦδε
419 1283 477 1367 οὐχ
500 1283 620 1350 ἑκόντα
653 1309 694 1366 με
728 1295 923 1371 κατέσχηκεν
936 1333 1031 1348 .....
1044 1278 1120 1352 οὔτε
1154 1284 1217 1374 γαρ
1240 1285 1312 1371 ἐμοὶ

149 1387 223 1455 οὔτε
246 1394 320 1468 ἴσως
343 1384 425 1475 ὕμίν
448 1384 586 1475 ἄμεινόν
608 1391 696 1457 ἐστιν
719 1388 776 1477 ἐμὲ
799 1392 977 1480 διατρίβειν
999 1388 1136 1458 ἐνθάδε.

257 1494 325 1572 ‚sed
359 1494 450 1580 quod
484 1495 612 1561 maiora
648 1496 733 1560 mihi
767 1515 898 1582 semper
932 1497 1064 1582 negotia
1101 1495 1312 1582 suscipienda

149 1607 253 1682 erant,
286 1601 412 1668 invitus
446 1623 554 1687 usque
586 1601 629 1668 ad
652 1603 715 1668 hoc
738 1609 871 1688 tempus
894 1608 1041 1668 retentus
1065 1624 1140 1668 sum
1155 1653 1246 1668 .....
1258 1623 1311 1668 nc-

148 1730 216 1794 que
254 1707 345 1774 enim
382 1708 475 1788 mihi,
515 1730 624 1794 neque
658 1708 754 1776 vobis
789 1711 927 1775 fortasse
960 1707 1074 1775 utilius
1097 1715 1146 1775 est
1180 1730 1235 1775 me
1258 1709 1311 1774 hic

151 1815 297 1882 versari!

258 1923 348 2008 Ergo
372 1944 413 1989 ex
435 1923 499 1988 hac
522 1944 657 2009 quoque
674 1923 822 1989 oratione
838 1929 968 1989 constat
983 1923 1127 1988 Diouem
1143 1923 1185 1988 dc
1207 1924 1312 1988 altera

150 2029 417 2116 peregrinatione
454 2029 607 2115 cogitare,
633 2031 713 2115 quia
736 2031 904 2096 molestias
928 2031 1110 2096 Prusenses
1132 2035 1233 2116 atque
1257 2051 1310 2095 ne-

146 2137 239 2222 gotia
264 2135 308 2222 [τό
344 2137 395 2204 αἐῐ
431 2140 561 2217 πλείους
595 2135 752 2219 ἄσχολίας
774 2137 984 2224 καταλαβεῖν]
1011 2138 1156 2222 effugere
1179 2136 1312 2202 volebat

149 2243 230 2330 [ἐμοὶ
246 2294 252 2306 .
268 2295 274 2306 .
291 2295 296 2307 .
313 2293 318 2306 .
333 2239 471 2331 ἄμεινόν
493 2244 587 2330 ἔστιν]
612 2245 780 2329 simulque
803 2234 962 2309 discimus
985 2265 1063 2310 eum
1086 2265 1194 2329 usque
1217 2243 1311 2308 adid

147 2355 291 2435 tempus,
317 2372 384 2436 quo
420 2351 507 2416 hanc
531 2352 717 2436 orationem·
738 2350 864 2430 habuit,
888 2351 1013 2416 Prusae
1036 2356 1203 2415 moratum
1227 2371 1307 2416 esse.

151 2457 281 2534 Quodsi
303 2457 396 2522 addit
418 2454 492 2528 οὔτε
515 2461 589 2539 ἴσως
612 2462 691 2542 ὑμῖν
713 2458 777 2524 hoc
800 2465 888 2524 certo
912 2457 1069 2544 explicari
1092 2458 1217 2544 nequit.
1254 2457 1312 2522 Co·

150 2564 250 2649 gitari
275 2565 366 2630 enim
388 2571 497 2651 potest
521 2565 562 2630 de
585 2563 836 2631 difficultatibus
859 2565 924 2651 ipsi
953 2564 1084 2630 senatui
1107 2602 1154 2616 —-
1173 2585 1253 2629 nam
1276 2565 1311 2630 in

150 2677 271 2736 senatu
305 2670 420 2737 habita
455 2678 505 2738 est
539 2672 643 2738 oratio
684 2708 723 2718 -
760 2671 860 2737 Dioni
883 2672 1085 2738 amicissimo
1109 2672 1198 2750 ortis,
1223 2693 1310 2757 quae

150 2777 300 2843 discessu
325 2779 396 2844 eius
419 2784 662 2846 removeantur.
710 2779 764 2844 An
781 2779 930 2844 indicant
952 2779 1034 2845 haec
1050 2778 1153 2846 verba
1168 2779 1311 2844 Dionem

150 2907 240 2953 nova
263 2886 437 2971 privilegia
452 2887 578 2972 patriae
594 2887 825 2971 quaesiturum
841 2886 984 2952 Romam
1007 2887 1194 2972 profectum
1218 2887 1314 2952 esse?

259 3099 351 3165 VIII.
386 3100 439 3179 50,
452 3101 480 3166 7.
527 3099 588 3185 irai
611 3101 757 3191 μὲνγὰρ
782 3100 949 3188 ἄπειμι
973 3099 1029 3168 daci
1053 3101 1178 3179 πολλάς
1197 3107 1313 3177 αἰτίας.

260 3206 352 3285 ‚abeo
375 3208 465 3274 enim
489 3207 603 3273 multis
626 3205 666 3272 de
690 3207 818 3273 causis’
930 3205 931 3210 ’

260 3314 309 3379 De
334 3336 401 3400 quo
423 3315 495 3380 loco
518 3321 594 3401 post
617 3335 665 3393 ea,
691 3335 778 3400 quae
801 3315 951 3399 exposui,
976 3313 1061 3379 nihil
1082 3312 1199 3394 habea
1224 3313 1315 3400 quod

152 3420 286 3487 addam.

259 3605 422 3684 Videmus
454 3618 556 3704 igitur
584 3619 738 3699 Dionem,
763 3640 841 3684 cum
864 3619 1028 3684 orationes
1052 3618 1095 3681 44
1119 3623 1152 3683 et
1174 3618 1218 3683 40
1241 3617 1315 3682 scri·

149 3726 254 3804 beret,
289 3746 358 3790 non
395 3726 556 3810 cogitasse
590 3724 631 3791 de
666 3726 773 3811 patria
807 3726 928 3790 iterum
951 3725 1180 3810 relinquenda,
1212 3725 1316 3789 immo

149 3852 354 3918 magnopere
389 3834 616 3898 succensuisse
649 3832 857 3910 adversariis,
895 3853 1040 3918 quorum
1073 3852 1173 3917 opera
1211 3851 1317 3917 paene

148 3941 274 4006 iterum
305 3939 456 4005 exsulare
479 3946 612 4005 coactus
629 3946 707 4004 erat.
755 3937 820 4004 Sed
836 3937 916 4004 iude
939 3938 981 4003 ab
998 3937 1147 4003 oratione
1169 3937 1223 4016 43,
1248 3936 1316 4002 ubi·

156 4158 472 4167 -η--α-

258 4284 349 4350 calu.
388 4284 412 4338 l.
430 4276 499 4332 ἄλλα
518 4277 547 4332 τό
561 4276 609 4330 riri
619 4277 728 4333 Raiske.
748 4274 804 4329 ἄλλ’
818 4275 860 4329 αἐὶ
879 4277 929 4332 rel.
944 4305 975 4318 -
989 4275 1125 4348 ἀσχολίας.
1143 4273 1266 4348 ἀσχολίαι
1285 4276 1317 4330 Β.

148 4369 193 4426 Μ.
215 4399 246 4408 -
265 4371 426 4437 καταλαβεῖν
444 4368 554 4426 Reiake.
572 4367 728 4420 καταλιπεῖν
750 4367 807 4436 rel„
826 4367 898 4435 quod
917 4368 1094 4434 deprevatum
1107 4379 1165 4420 asse
1179 4364 1319 4420 iudicabat

148 4458 269 4516 Oosaub.

259 4552 332 4620 50‚7.
368 4545 472 4618 ἄπειμι,
490 4550 593 4618 εἴποιμι
612 4553 643 4604 Β,
662 4543 776 4600 dusino
794 4544 870 4603 Geel.
