3234 5312
643 355 862 420 ..51-

169 550 199 614 7.
237 549 344 632 45,15}
379 555 480 634 atque
515 549 720 616 contendeus
756 573 869 617 veram
911 552 1162 617 inimicitiarum
1198 572 1334 616 causam

167 676 252 734 esse,
288 655 379 741 quod
413 656 588 741 indignam
624 658 767 742 patriam
802 657 923 723 habere
954 659 1100 737 mallent,
1137 680 1240 744 quam
1264 658 1334 722 illu·

167 769 283 841 strem,
308 785 350 828 ne
374 764 525 849 ipsorum
548 764 727 830 auctoritas
759 765 966 831 minueretur
992 766 1332 849 [40‚9.10.ef.45,6].

167 871 221 934 Ex
258 869 381 955 quibus
415 871 619 956 intellegitur
652 872 754 936 armis
787 893 891 956 quam
925 873 1054 938 infestis
1084 873 1252 957 utrimque
1277 893 1333 958 pu-

166 984 311 1062 gnatum
335 977 378 1042 sit
400 998 509 1062 neque
533 978 656 1041 mirum
679 985 729 1042 est
760 978 903 1044 Dionem
928 980 1104 1044 consilium
1128 979 1252 1044 Prusae
1289 999 1334 1042 re-

166 1083 330 1148 manendi
364 1090 511 1149 mutasse
547 1089 579 1148 et
613 1083 654 1148 de
690 1084 910 1170 relinquenda
943 1085 1025 1150 urbe
1055 1086 1224 1170 cogitasse.
1276 1085 1335 1171 iDe
1434 1171 1437 1175 .

167 1190 233 1255 hac
256 1211 291 1254 re
314 1192 355 1255 cf.
380 1195 482 1276 caput
505 1191 552 1276 Fi.
599 1192 716 1276 Neque
741 1192 831 1256 enirn
863 1194 972 1257 solum
995 1191 1186 1270 adversarii,
1220 1213 1334 1277 quam-

167 1319 274 1383 quam
297 1318 422 1383 paucos
458 1303 490 1363 et
513 1298 663 1362 infirmos
700 1320 755 1364 eos
788 1300 890 1364 tuisse
914 1299 977 1364 Dio
1009 1299 1089 1364 dicit
1114 1299 1208 1385 [40‚8.
1233 1298 1333 1384 43‚7]‚

168 1406 362 1482 effecerunt,
387 1411 425 1469 ut
448 1405 511 1469 Dio
536 1403 665 1470 civibus
694 1412 868 1490 suspectus
898 1406 990 1471 fieret
1020 1406 1135 1493 [40,17.
1159 1407 1208 1470 18.
1233 1403 1333 1492 4121,

168 1511 296 1576 amicos
321 1511 439 1576 Dinnis
463 1510 554 1596 apud
587 1511 724 1591 iudices
761 1513 873 1598 ipsum
910 1512 1001 1598 apud
1024 1519 1178 1578 senatum
1204 1533 1333 1577 accusa-

167 1618 252 1683 bant
277 1618 383 1705 [43‚2]‚
408 1617 591 1683 sedetiam
625 1618 862 1703 impediebant,
901 1641 943 1685 ne
981 1641 1081 1705 opera
1118 1618 1337 1705 procederent

169 1725 303 1812 [40,12].

276 1833 349 1898 Iam
374 1853 451 1900 vero
475 1832 545 1898 dixi
568 1833 819 1898 inimicitiarum
845 1834 1018 1898 historiam
1044 1833 1107 1899 hoc
1130 1833 1237 1917 capite
1254 1839 1333 1899 trac·

166 1946 276 2005 tatam
311 1939 517 2006 orationibus
541 1941 584 2002 44
619 1946 652 2005 et
685 1941 727 2004 48
763 1941 860 2026 quasi
894 1941 1030 2006 includi.
1077 1941 1117 2005 In
1152 1940 1209 2005 illa
1243 1940 1334 2006 enim

165 2046 323 2112 noudum
348 2046 389 2111 de
413 2046 610 2112 adversariis
634 2046 764 2125 dicitur,
788 2048 824 2111 in
848 2048 920 2126 hac,
946 2048 1025 2133 quia
1049 2048 1147 2133 plane
1171 2053 1332 2125 tacentur,

164 2154 328 2222 videntur
350 2152 516 2240 profligati
540 2174 619 2219 esse.
667 2154 784 2240 Neque
808 2176 897 2232 vero,
934 2161 971 2219 ut
1005 2160 1133 2220 certum
1166 2159 1215 2219 est
1239 2154 1333 2218 orati-

164 2282 272 2326 onem
295 2262 339 2324 44
363 2260 547 2326 simultates
570 2260 643 2326 illas
667 2267 796 2326 secutas
821 2283 902 2342 csse,
926 2262 1006 2326 item
1024 2262 1128 2346 liquet
1144 2282 1199 2326 eas
1223 2260 1333 2325 finitas

166 2389 254 2446 esse,
280 2388 357 2433 cum
370 2368 434 2432 Dio
458 2368 642 2432 orationem
665 2369 707 2431 48
731 2367 877 2447 haberet,
902 2369 982 2453 quia
999 2369 1062 2432 Dio
1086 2368 1199 2453 aliqua
1223 2387 1333 2446 causa,

163 2495 275 2562 quam
299 2496 360 2540 nos
383 2475 587 2560 ignoramus
612 2475 750 2540 tortasse
780 2481 891 2540 motus
915 2482 973 2553 cst,
1008 2482 1045 2539 ut
1067 2473 1275 2542 adversarios
1298 2474 1334 2538 iu

167 2604 213 2649 ea
236 2582 433 2667 neglegeret.
482 2581 582 2658 Quod
616 2587 653 2646 ut
676 2581 861 2660 credamus,
896 2581 1150 2648 commendatur
1185 2581 1333 2645 oratione

164 2691 225 2765 50,
251 2689 308 2752 ubi
343 2689 450 2754 obiter
484 2689 621 2774 quidem
656 2694 850 2774 tanguntur,
886 2688 945 2754 sed
978 2695 1164 2773 tanguntur
1199 2695 1332 2752 tamen:

162 2798 286 2875 50,10:
312 2794 405 2880 λόγος
427 2797 519 2885 ἔῤῥύη
544 2797 696 2872 τοιοῦτος,
729 2799 771 2875 ὥς
805 2798 864 2881 ἐμὲ
895 2795 1052 2883 ἐμποδών
1082 2793 1257 2880 γενόμενον
1287 2800 1335 2886 τῷ

164 2902 374 2987 συνάγεσθαι
396 2904 626 2989 ducidulum
649 2912 704 2970 καὶ
741 2901 817 2970 τάδε
846 2899 977 2988 ἤκουσα,
1013 2905 1056 2982 ὥς
1081 2901 1194 2970 πάντα
1219 2897 1335 2981 ἅπλῶς

163 3011 334 3098 νομίζουσι
358 3007 399 3077 cd
423 3015 479 3096 τῆς
502 3003 603 3098 ἀρχῆς
625 3017 800 3094 γίγνεσθαι
823 3008 908 3077 κατά
932 3006 993 3096 τήν
1015 3012 1098 3096 ἐμήν
1120 3011 1260 3097 γνώμην,
