3234 5312
764 347 984 412 ...14-

293 542 420 628 patriae
448 539 582 608 utilitati
613 543 700 608 male
734 542 958 628 responderet.
1006 543 1129 630 Aperte
1162 543 1251 608 euim
1283 544 1456 629 profitetur

292 650 380 714 hano
403 649 653 715 multitudinem
676 649 740 715 sibi
772 649 878 716 videri
910 651 1007 717 novis
1039 651 1156 715 offieiis
1190 671 1309 736 parum
1340 657 1455 736 aptam

292 779 364 821 esse
387 764 420 822 et
442 764 480 822 ut
506 758 652 822 initiatos
686 758 891 844 mystagogis
927 757 1068 823 ducibus
1102 757 1261 844 indigere.
1288 797 1327 804 --
1354 757 1454 832 Tum,

291 870 471 950 postquam
502 865 638 929 tertium
668 885 765 930 suam
796 865 832 928 in
856 865 1008 949 eligendo
1032 871 1149 930 senatu
1180 864 1378 929 modestiam
1402 864 1454 930 de-

292 972 502 1050 monstravit,
526 992 613 1056 quae
636 979 729 1036 tanta
751 971 824 1049 luit,
849 978 886 1036 ut
909 993 950 1036 ex
974 971 1097 1058 oppido
1120 973 1234 1036 exieus
1258 972 1455 1036 electionem

293 1078 430 1142 omnino
468 1083 595 1157 vitaret,
635 1078 676 1144 de
714 1084 831 1144 senatu
871 1078 1023 1144 instituto
1068 1078 1307 1144 dissertationis
1351 1079 1455 1144 finem

293 1185 372 1250 lauit
395 1184 524 1250 dicens:

398 1293 506 1371 45‚10.
543 1291 575 1380 8)
592 1296 669 1380 ὑμῖν
683 1290 756 1384 reip,
773 1285 830 1362 οδκ
842 1291 1071 1384 δμαοτῷ,τοδς
1085 1294 1261 1372 βοολεοτοὶς
1277 1291 1454 1392 η’τησοὶμην.

398 1398 514 1478 ,Vobis
537 1399 638 1478 enim,
662 1421 731 1464 non
755 1400 847 1478 mihi,
872 1407 1039 1466 senatores
1062 1400 1248 1486 postulavi.’

399 1507 495 1572 Patet
517 1527 559 1570 ex
583 1505 807 1592 disputatione
831 1529 907 1572 mea
928 1507 1010 1572 haee
1043 1507 1154 1584 verba,
1186 1507 1309 1592 quibus
1332 1507 1396 1572 Dio
1420 1529 1455 1572 se

294 1620 463 1679 senatores
497 1613 561 1680 sibi
583 1614 802 1699 postulavisse
826 1613 914 1692 dicit,
937 1625 1013 1678 'non
1047 1615 1094 1678 ita
1126 1613 1341 1699 intelligenda
1373 1635 1454 1693 esse,

296 1729 333 1785 ut
368 1720 563 1806 suppleatur
593 1720 656 1799 „ab
686 1721 917 1807 imperatore“,
948 1720 1007 1786 sed
1030 1709 1209 1805 significari
1235 1721 1340 1799 ‚vobis
1363 1742 1455 1786 sena-

293 1835 380 1894 tores
403 1828 530 1894 volui
559 1828 690 1912 eligi'
716 1834 817 1913 atque
840 1849 879 1894 ea
895 1827 936 1892 de
959 1849 1060 1893 eausa
1083 1828 1130 1892 ita
1152 1849 1186 1892 se
1202 1829 1313 1913 gessit,
1343 1835 1380 1892 ut
1402 1849 1455 1892 ex-

293 1935 440 2021 positum
464 1941 522 1999 est.

399 2042 506 2118 45,10.
554 2041 590 2127 9)
617 2054 672 2109 καὶ
703 2057 813 2110 τοίνυν
844 2042 1026 2128 διοικήσεως
1055 2050 1116 2111 νῦν
1138 2050 1268 2128 πρῶτον
1298 2045 1456 2127 α’χδείσης

297 2148 405 2217 πολλοὶ
430 2145 497 2218 dul
530 2152 662 2216 πολλῶν
702 2152 910 2237 ἠδικημένος.
926 2201 932 2214 .
949 2148 1048 2238 ,πρὸς
1093 2151 1195 2224 ἐνίους
1237 2135 1312 2217 οὐδὲ
1357 2148 1457 2217 δικῶν

294 2286 349 2343 μοι
373 2259 456 2334 δέον,
483 2257 568 2323 ἄλλολ
600 2257 702 2341 μόνον
733 2263 838 2323 εἰπεῖν
868 2266 925 2322 κοιῐ
952 2261 1145 2343 μνησθῆναι
1173 2269 1246 2344 περὶ
1277 2256 1343 2322 τῶν
1365 2284 1457 2323 κατε-

296 2374 444 2449 χομένων
466 2364 547 2454 πρὸς
570 2365 688 2432 οὐδένα
723 2363 779 2431 ode
812 2365 983 2451 ἐμνήσθην
1017 2359 1090 2431 οὔτε
1123 2365 1221 2443 λόγον
1254 2363 1459 2450 ἐποιησάμην

295 2473 411 2538 eddeva
436 2471 594 2538 τοσούτων
616 2477 677 2555 μὲν
700 2476 745 2549 εἰς
767 2471 959 2561 ἐλευθερίαν
973 2522 980 2534 .
995 2521 1001 2533 .
1018 2519 1047 2535 ..

404 2575 490 2655 ,Jam
524 2597 603 2642 vero
638 2583 718 2641 tune
751 2577 897 2662 primum
934 2576 1075 2641 dioecesi
1110 2577 1262 2641 instituta
1296 2576 1402 2640 multa
1436 2597 1459 2640 a

296 2684 411 2748 multis
435 2703 653 2768 perpessus..
671 2703 768 2748 eum
791 2683 951 2750 adversus
978 2682 1157 2748 nonnullos
1179 2705 1222 2748 ne
1237 2683 1293 2748 lite
1319 2683 1459 2768 quidem

296 2813 381 2877 opus
405 2797 499 2868 esset,
524 2790 583 2855 sed
605 2789 752 2855 indioare
776 2796 908 2855 tantum
934 2811 989 2856 eos
1013 2796 1046 2855 et
1069 2791 1274 2855 mentionem
1291 2791 1398 2855 lacere
1415 2789 1458 2855 de

297 2897 397 2963 rebus
420 2897 599 2983 occupatis,
627 2903 740 2962 tamen
774 2896 935 2964 adversus
965 2896 1151 2963 neminem
1167 2919 1276 2982 neque
1311 2896 1458 2963 indicavi

298 3026 408 3091 neque
431 3005 595 3070 actionem
619 3004 721 3070 ullam
745 3005 927 3090 composui,
951 3011 1000 3070 tot
1021 3005 1057 3068 iu
1081 3004 1265 3070 libertatem
1280 3058 1285 3069 .
1303 3057 1308 3069 .

407 3111 533 3177 lterum
555 3111 610 3177 hio
633 3112 770 3198 exponit
792 3111 856 3177 Dio
873 3133 908 3177 se
931 3113 1027 3178 novis
1050 3111 1102 3176 his
1124 3112 1389 3177 institutionibus
1414 3113 1459 3177 ad

299 3240 360 3285 sua
383 3219 488 3305 ipsius
511 3219 688 3284 commoda
711 3241 779 3284 non
802 3219 946 3285 abusum
963 3241 1043 3285 esse.
1090 3202 1256 3304 Apertum
1277 3225 1390 3284 autem
1409 3226 1460 3285 est

298 3347 447 3401 senune
470 3326 513 3391 ad
536 3347 610 3391 eam
634 3333 763 3412 partem
787 3326 929 3392 Dionem
960 3334 1098 3406 vertere,
1133 3348 1219 3412 quae
1255 3333 1304 3392 est
1336 3327 1458 3392 iudi-

298 3435 485 3501 ciorum.
531 3433 649 3499 Dionis
673 3433 760 3499 enim
798 3456 849 3499 res
884 3434 1057 3500 familiaris
1092 3455 1151 3518 per
1186 3434 1292 3498 exsilii
1324 3440 1458 3521 tempus

298 3541 497 3627 gravissima
534 3540 658 3605 damna
692 3547 891 3626 susceperat,
927 3541 1049 3626 quibus
1081 3563 1180 3620 nuno,
1217 3562 1285 3626 qua
1318 3548 1388 3606 erat
1421 3542 1458 3606 in

299 3647 381 3713 urbe
405 3648 513 3733 patria
536 3647 740 3728 auctoritate,
764 3648 853 3713 facili
880 3670 978 3733 opere
1012 3647 1126 3714 litibus
1158 3648 1248 3734 apud
1277 3649 1460 3714 domestica

302 3754 482 3821 tribunalia
504 3753 641 3819 intentis
664 3761 792 3838 poterat
816 3775 1014 3820 succurrere.

404 3861 554 3928 Primum
589 3868 701 3926 autem
739 3862 801 3927 hoo
836 3863 907 3927 loco
941 3885 1008 3929 vox
1040 3863 1097 3927 illa
1132 3865 1282 3951 διοίκησις
1317 3863 1460 3927 ooourrit

299 3970 412 4053 itaque
435 3968 602 4046 collocata,
628 3975 665 4032 ut
686 3967 839 4035 videatur
861 3969 984 4048 omnia,
1009 3991 1095 4054 quae
1127 3970 1238 4054 paullo
1271 3976 1369 4034 antea
1402 3991 1459 4034 no-

372 4265 379 4283 ’
406 4293 497 4358 45,10.
533 4287 672 4362 ᾐτησάμην
689 4289 721 4344 Β.
733 4289 772 4347 Μ,
791 4305 812 4343 r.
831 4285 965 4362 ᾖτισάμην
982 4305 1008 4346 v.
1026 4287 1042 4361 ᾖ
1062 4287 1190 4360 Τησάμην
1208 4307 1242 4344 m.

407 4383 499 4449 4δ,10.
531 4385 552 4432 l.
572 4381 623 4432 καὶ.
643 4377 679 4439 οἷς
697 4379 802 4436 Selden.
826 4385 850 4433 3.
868 4399 914 4450 μοι
928 4380 988 4431 δέον
1000 4380 1078 4448 llmp.
1098 4380 1152 4434 obs.
1171 4395 1216 4449 μς.
1227 4384 1269 4436 54,
1283 4377 1403 4451 οἰόμενός
1415 4383 1461 4436 vel

301 4465 435 4538 προσῆκόν
448 4487 495 4538 μοι
514 4469 571 4520 δεῖν
587 4467 696 4522 Reiske.
716 4469 830 4520 δικαιῶν
846 4487 894 4539 μοι
913 4469 969 4521 δεῖν
986 4468 1094 4525 Jacobs.
1113 4469 1173 4523 add.
1193 4485 1239 4538 pg.
1260 4475 1318 4526 129.
1337 4489 1384 4542 μοι
1404 4471 1463 4524 δεῖν

300 4559 349 4614 rel.
369 4587 401 4598 -
419 4555 506 4630 μόνον
523 4556 632 4626 Pflugk.
650 4559 754 4630 μᾶλλον
771 4557 848 4626 reliq.
