3234 5312
777 303 996 370 ..44-

307 501 379 583 τούς
404 505 475 590 ἐμοὶ
507 516 564 572 καὶ
587 507 667 589 δμῒν
702 510 953 583 βασκαίνοντας,
989 507 1054 578 ἵνα,
1093 497 1154 568 totu
1186 507 1249 586 μὲν
1272 497 1415 567 δυνατὸν
1436 495 1461 596 ᾖ,

308 613 526 698 διαρραγῶσιν
541 607 581 678 ’δ
603 619 643 711 τῇ
665 613 763 678 πόλει
787 607 877 707 πολσφ
900 607 1071 689 βέλτιστόν
1093 611 1180 676 ἔστιν
1194 629 1200 642 ·
1214 614 1245 674 εἰ
1266 609 1302 674 δὲ
1318 606 1372 692 μή,
1398 597 1462 672 ἄλλ’

307 711 364 787 οὖν
388 718 607 805 ὀδυνηθῶσιν.
656 715 704 786 δτι
729 720 764 786 δὲ
788 724 816 784 ολ
840 718 933 784 αὐτοὶ
956 718 1039 806 πρὸς
1070 718 1128 802 ἐμὲ
1151 708 1261 802 αἠδῶς
1284 712 1389 798 ἔχουσι
1413 725 1462 778 καὶ

307 822 388 914 πρδς
405 825 464 912 τήν
480 826 586 898 πόλιν,
606 823 701 892 αδτοὶ
715 826 876 915 μα’ρτιιρές
888 826 968 896 ἐστε,
986 824 1049 891 dciv
1065 826 1185 910 θέλητε
1201 827 1395 907 μεμνῆσθαι
1412 830 1463 887 καὶ

307 940 373 998 τῶν
397 933 579 1018 φιλούντων
601 932 689 1018 ὑμᾶς
712 944 768 1000 καὶ
792 931 858 1001 τῶν
885 933 1075 1016 μισούντων.
1101 942 1208 998 καίτοι
1234 930 1464 1012 ἐπιεικέστερον

307 1040 378 1125 ἐμοὶ
413 1046 557 1128 χρῶνται
581 1039 601 1126 ἢ
625 1042 711 1126 ὑμῖν.
759 1039 839 1126 ἐμοῦ
871 1047 933 1126 μὲν
967 1037 1029 1126 γοὶρ
1063 1039 1191 1106 ἐνθάδε
1225 1035 1461 1124 κατηγοροῦσιν,

305 1149 398 1232 ὑμῶν
421 1148 457 1214 δὲ
481 1149 537 1214 ἐπὶ
560 1146 618 1215 τοῦ
639 1149 795 1233 βήματος.

414 1253 496 1338 ,Ego
519 1275 598 1318 vero
621 1253 748 1319 invitus
772 1253 905 1339 negotia
928 1252 1035 1318 habeo
1060 1274 1118 1337 per
1140 1251 1294 1315 homines
1317 1248 1463 1313 infirmos

306 1367 406 1446 atque
430 1359 563 1425 invidos
587 1367 722 1446 propter
751 1361 836 1426 nihil
860 1361 960 1438 aliud,
998 1381 1102 1445 quam
1136 1358 1227 1444 quod
1261 1379 1321 1423 vos
1355 1376 1464 1420 amare

305 1467 440 1532 videor.
456 1519 462 1530 .
479 1519 484 1531 .
500 1519 506 1530 .
521 1468 637 1553 Neque
654 1490 733 1534 vero
748 1468 811 1534 hoe
826 1468 1013 1533 iactationis
1026 1489 1126 1533 causa
1138 1466 1208 1530 dixi
1212 1515 1349 1540 .......
1363 1462 1420 1528 sed
1430 1469 1465 1526 ut

305 1595 361 1639 eos
377 1575 567 1659 reprimam,
585 1576 643 1660 qui
659 1597 713 1641 me
730 1575 978 1640 calumniantur
994 1581 1026 1639 et
1040 1596 1110 1652 voa,
1135 1579 1181 1650 ut,
1207 1571 1234 1638 si
1250 1571 1320 1636 fien'
1336 1569 1463 1656 poterit,

305 1680 550 1766 dirumpantur,
577 1681 680 1769 (quod
714 1683 774 1748 teti
811 1683 936 1750 civitati
960 1681 1126 1768 proderit),
1163 1680 1215 1744 sin
1249 1685 1361 1743 autem
1395 1677 1463 1742 fieri

304 1810 373 1853 non
406 1789 534 1873 poterit,
567 1789 709 1854 doleant.
768 1788 914 1854 Eosdem
944 1795 1057 1854 autem
1087 1788 1160 1853 illos
1198 1786 1280 1851 mihi
1312 1784 1465 1849 inimicos

304 1901 405 1980 atque
429 1896 554 1961 civitati
578 1918 649 1961 esse
673 1898 737 1982 ipsi
760 1903 859 1962 testes
883 1897 960 1961 estis
985 1896 1111 1961 ratione
1142 1895 1226 1958 inita
1249 1914 1374 1970 eorum,
1407 1891 1466 1976 qui

304 2024 363 2068 vos
398 2009 522 2082 amant,
559 2010 659 2088 atque
695 2025 819 2082 eorum,
857 2003 915 2088 qui
947 2025 1007 2069 vos
1043 2002 1193 2067 oderunt.
1250 2001 1466 2083 Quamquam

304 2109 519 2175 humaniores
543 2111 578 2174 in
603 2133 656 2176 me
681 2133 715 2176 se
739 2111 909 2196 praebent,
935 2132 1039 2195 quam
1063 2109 1097 2173 in
1122 2131 1191 2186 voa,
1228 2130 1306 2173 cum
1335 2127 1386 2170 me
1410 2104 1465 2170 hic

303 2223 469 2295 accusent,
494 2239 554 2283 vos
576 2218 612 2282 in
636 2217 815 2283 tribunali.

410 2324 626 2390 Manifestum
650 2332 699 2390 est
715 2325 858 2390 Dionem
882 2326 945 2390 hoc
968 2326 1039 2390 loco
1064 2324 1104 2389 de
1126 2323 1251 2389 eisdem
1268 2320 1466 2388 adversariis

303 2430 404 2496 verba
428 2432 544 2509 facere,
571 2432 630 2518 qui
652 2433 817 2510 tua-12
838 2438 1004 2498 notantur.
1053 2433 1141 2497 Nam
1157 2431 1305 2517 primum
1322 2428 1466 2493 Dionem

302 2537 453 2617 oderunt,
490 2545 603 2624 utpote
639 2561 726 2618 eum,
751 2541 809 2625 qui
826 2541 967 2605 Prusam
991 2545 1111 2624 augeat
1135 2539 1183 2622 [cf.
1201 2539 1291 2615 412:
1317 2536 1367 2603 ὅτι
1390 2537 1467 2602 λίαν

302 2647 386 2712 δοκῶ
409 2644 578 2731 φιλόπολις
602 2645 720 2715 -δτι
752 2648 838 2717 δοκῶ
861 2659 1004 2738 στέργειν
1039 2648 1099 2734 τήν
1134 2647 1287 2735 πατρίδα.
1335 2640 1466 2707 Deinde

301 2753 450 2817 conferre
485 2753 561 2818 licet
583 2755 676 2833 43,l:
713 2757 886 2825 α’δυνοῖτων
920 2767 976 2824 καὶ
1000 2761 1172 2844 φθονερῶν
1196 2774 1272 2817 eum
1296 2750 1388 2828 4Ο,8;
1426 2743 1467 2818 οδ

301 2857 395 2949 παρολ
416 2865 555 2939 πολλῶν,
581 2862 781 2940 itom40,1l
801 2864 1022 2951 διερρήγνυντο
1040 2883 1116 2927 curn
1134 2860 1217 2938 43,2
1234 2862 1465 2946 διαρραγῶσιν,

303 2965 361 3031 ubi
385 2973 479 3033 notes
503 2969 616 3054 paullo
640 2977 772 3035 auctam
796 2970 902 3036 videri
919 2970 1037 3034 Dionis
1060 2970 1154 3034 iram.
1203 2968 1248 3033 Ut
1263 2967 1298 3030 in
1315 2965 1467 3030 oratione

300 3073 343 3139 40
367 3075 504 3157 exponit
526 3076 599 3141 illos
623 3077 738 3142 obesse
762 3077 854 3141 urbis
884 3076 1067 3142 commodis
1092 3082 1124 3140 et
1153 3075 1307 3139 inimicos
1338 3073 1467 3138 civium

300 3202 380 3258 esse,
405 3181 452 3247 ita
475 3182 537 3247 hoe
561 3183 632 3249 loco
656 3184 904 3250 inimicissimos
928 3206 983 3249 eos
1000 3206 1069 3249 uon
1086 3183 1145 3248 sibi
1165 3183 1236 3252 soli.
1262 3180 1318 3246 sed
1336 3181 1467 3267 patriae

300 3287 476 3354 universae
501 3312 572 3356 esse
596 3290 802 3356 demonstrat
826 3299 857 3356 et
881 3292 973 3356 omni
1008 3291 1107 3356 modo
1143 3288 1367 3376 profligandos
1392 3310 1467 3354 esse

300 3394 390 3471 dicit,
426 3402 464 3460 ut
495 3404 553 3462 aut
589 3399 880 3484 exstinguerentur
918 3399 1148 3485 [διαρραγῶσιν
1182 3393 1466 3482 ,dirumpantur’],

301 3508 360 3567 aut
384 3503 468 3567 iram
484 3511 585 3590 atque
602 3506 845 3591 malignitatem
871 3507 982 3572 dolore
999 3507 1116 3571 saltem
1133 3506 1313 3591 expiarent.
1344 3504 1467 3590 Itaque

300 3610 363 3674 Dio
387 3611 422 3674 in
447 3612 587 3676 eandem
612 3613 801 3691 factionem,
831 3614 872 3678 de
896 3636 963 3699 qua
987 3615 1157 3692 40,8-12
1182 3612 1275 3690 dixit,
1312 3610 1467 3677 acerbius

299 3716 478 3783 invehitur.
500 3719 610 3805 Atque
622 3742 659 3785 eo
669 3727 826 3805 tempore,
836 3722 926 3806 quod
936 3721 1108 3786 intercedit
1117 3719 1424 3785 interorationeseu
1433 3726 1468 3784 et

298 3825 352 3902 43,
377 3826 485 3910 magis
510 3827 670 3892 exarsisse
694 3828 755 3894 has
777 3829 969 3893 inimicitias
993 3829 1048 3893 alii
1066 3850 1200 3914 quoque
1217 3827 1280 3893 loci
1304 3827 1467 3892 orationis

297 3932 339 3995 43
375 3933 526 4012 suadent,
579 3941 615 3998 ut
664 3936 882 4020 suspicemur.
958 3936 1108 4000 Primum
1149 3935 1240 4000 enim
1280 3935 1332 4012 43,
1350 3935 1391 3998 4:
1434 3941 1468 4000 ot

298 4037 360 4128 γολρ
384 4039 545 4129 προδόται
581 4055 636 4110 καῖ
673 4045 875 4129 συκοφάνται
910 4055 966 4111 καὶ
1004 4046 1116 4111 πάντα
1141 4041 1341 4132 πράττοντες
1374 4045 1467 4110 nacci

298 4147 365 4214 τῶν
411 4152 555 4216 πολιτῶν
605 4162 670 4217 καὶ.
692 4148 764 4217 τότε
808 4144 894 4240 ἦσαν
933 4153 969 4220 ἐν
1018 4169 1087 4232 ταῖς
1126 4149 1240 4219 πόλεσι
1290 4160 1345 4218 καὶ
1391 4155 1466 4220 νῦν.

300 4383 616 4392 ——.-—-.-.—.-

404 4508 478 4580 43,4.
516 4512 540 4560 2.
559 4505 638 4566 κατα,
657 4508 701 4559 καλ
719 4505 752 4559 τῶ
771 4507 812 4566 Μ,
