3234 5312
667 357 994 421 ...20-

302 551 620 618 necessarium
653 558 747 630 esset,
784 552 825 618 dc
862 551 1117 617 beneficiis
1143 549 1465 642 lpatcppovp'oaodac]

302 661 459 746 loquitur.
507 660 624 744 ltaque
649 665 680 723 et
712 659 748 724 in
772 659 870 724 rebus
894 659 1017 724 divinis
1043 659 1223 724 Prusenses
1238 658 1356 722 Dionis
1371 656 1467 722 indu-

303 768 380 832 stria
406 789 483 832 usos
501 788 572 832 csse
589 771 621 830 et
637 765 872 852 imperatorem
888 765 1057 830 interdum
1074 787 1133 851 per
1149 765 1292 831 Dionem
1308 787 1385 830 cum
1401 765 1468 828 illis

303 875 409 959 egisse
444 873 620 958 colligitur,
656 873 748 957 quod
782 873 988 938 orationibus
1022 873 1065 936 44
1104 879 1137 938 et
1171 874 1212 937 47
1252 873 1468 938 confirmatur

306 982 367 1064 [44‚
381 983 420 1045 12
434 1003 440 1050 ;
459 979 693 1066 ἀναγνώσομαι
704 979 975 1066 ὐμῒνέιτιστολ-ἡν,
992 1031 998 1043 .
1012 1031 1034 1044 .,
1050 981 1108 1069 ,ἣν
1117 983 1236 1060 ἐκεῖνος
1249 984 1466 1073 ἀντέγραψεν.

299 1089 425 1166 747,13;
450 1088 652 1178 ἐπιτρέψατε
677 1088 713 1155 δὲ
736 1087 927 1172 ἀναγνῶναι
953 1084 1013 1174 τήν
1036 1089 1211 1173 ἐπιστολήν
1234 1087 1304 1172 aql.

410 1196 463 1272 40,
475 1197 504 1259 5.
552 1193 584 1279 3)
608 1196 704 1277 λόγον
727 1191 801 1262 τινα
826 1197 920 1263 εἶπον
950 1190 1032 1284 cirtio
1061 1196 1153 1282 ε”ργοο
1177 1193 1263 1274 τινος
1286 1193 1343 1262 οὐκ
1368 1188 1469 1272 αὐτὸς

301 1304 413 1388 μόνον,
439 1302 524 1368 οἷλλοέ
550 1309 616 1369 τοῖν
639 1303 806 1388 ἡγεμόνων
829 1300 1090 1379 ἐσπουδακότων,
1115 1302 1469 1388 temperamentum

304 1413 339 1476 δὲ
354 1403 454 1493 κοῗμοῐ
466 1413 664 1499 χαρίζεσθαι
687 1411 901 1494 βουλομένων,
925 1407 985 1493 τήν
1009 1411 1107 1476 πόλιν
1131 1409 1266 1494 ἄμεινον
1296 1429 1470 1475 κατασκευ-

303 1515 396 1592 άζειν
426 1529 482 1583 καὶ
513 1525 710 1601 σεμνοτέραν
734 1534 840 1584 ποιεῖν
863 1512 1011 1583 ἅπασαν.
1060 1514 1217 1605 πρότερον
1244 1517 1306 1600 γὰρ
1329 1521 1393 1583 ἴστε
1418 1517 1471 1602 δή·

301 1630 441 1707 ποτιθεν,
467 1619 517 1690 ὅτι
539 1639 605 1702 τοῖς
628 1625 783 1702 τοιούτοις
806 1635 862 1690 καὶ
886 1631 953 1690 τῶν
978 1622 1213 1707 α’σττγειτόνων
1236 1625 1452 1708 ἐλειπόμεθα.

325 1760 334 1792 .;
411 1730 604 1807 ,orationem
628 1729 799 1814 quandam
823 1729 927 1794 habui
950 1729 991 1795 de
1015 1751 1113 1815 opere
1130 1730 1277 1815 quodam
1302 1751 1370 1794 non
1393 1749 1472 1793 meo

302 1837 405 1902 solius
421 1837 559 1921 impetu,
572 1887 574 1892 .
585 1835 643 1900 scd
659 1842 839 1921 postquam
856 1837 1024 1922 principes
1042 1858 1177 1921 quoque
1193 1838 1331 1902 tortasse
1347 1842 1471 1914 vestra,

304 1945 441 2008 tortasse
481 1965 556 2008 mea
591 1965 692 2008 causa
727 1943 845 2009 urbem
880 1965 998 2008 ornare
1034 1950 1066 2009 et
1100 1965 1221 2030 augere
1259 1943 1470 2008 studuerunt.

303 2051 421 2134 Neque
445 2051 536 2114 enim
559 2050 719 2134 ignoratis
743 2057 841 2116 antea
864 2049 985 2116 talibus
1009 2051 1044 2114 in
1068 2051 1167 2131 rebus
1190 2071 1251 2116 nos
1275 2051 1328 2118 vel
1351 2049 1470 2115 subur-

303 2157 400 2222 banis
424 2157 580 2222 cessisse!

316 2293 318 2296 ·
414 2264 636 2329 Miserrimam
660 2264 871 2351 publicorum
896 2265 1123 2330 aedificiorum
1147 2265 1364 2330 Prusensium
1395 2285 1473 2330 con-

304 2372 473 2436 dicionem
509 2371 612 2436 luisse
645 2379 776 2456 praeter
809 2373 954 2437 Dionem
988 2373 1117 2437 Plinius
1153 2394 1288 2458 quoque
1321 2378 1472 2450 testatur,

298 2479 365 2564 ‘qui
404 2479 524 2544 faciem
559 2479 674 2563 oppidi
699 2477 940 2544 loedissimam
979 2479 1124 2565 appellat
1163 2480 1223 2565 [ep.
1262 2480 1304 2558 X,
1323 2480 1364 2544 75
1382 2477 1470 2566 (71)].

308 2587 419 2666 Quam
436 2587 463 2650 si
480 2585 533 2651 vel
551 2592 625 2671 post
642 2586 760 2651 Dionis
776 2607 873 2651 curas
889 2587 1092 2672 vituperavit
1107 2587 1249 2665 Plinius.
1265 2608 1332 2651 non
1347 2587 1471 2650 mirum

308 2687 358 2758 est
379 2694 491 2778 ipsum
516 2714 554 2757 ea
577 2715 611 2757 re
635 2715 837 2778 magnopere
861 2700 1021 2759 vexatum
1044 2715 1114 2758 csse
1139 2694 1292 2771 Dionem,
1317 2694 1376 2778 qui
1399 2715 1472 2778 pro-

308 2800 600 2866 consuleauctore
636 2807 667 2865 et
702 2801 835 2868 favente
871 2799 912 2865 de
947 2801 999 2866 his
1033 2799 1132 2865 rebus
1165 2801 1375 2866 contionatus
1411 2806 1470 2865 est.

309 2906 446 2973 Accedit
470 2907 569 2985 enim,
594 2906 685 2992 quod
709 2907 773 2972 hoc
795 2908 869 2992 ipso
893 2915 1040 2993 tempore
1066 2911 1218 2996 διοίκησις
1242 2908 1366 2972 Prusae
1396 2929 1472 2972 con-

308 3036 401 3080 cesse
436 3020 506 3080 crat
541 3016 590 3098 [cl.
615 3037 670 3100 pg.
695 3015 738 3098 4].
798 3016 908 3092 Quare
942 3014 1121 3081 verisimile
1157 3021 1206 3080 est
1240 3020 1272 3080 et
1307 3013 1474 3080 subiectas

308 3123 432 3187 Prusae
457 3122 605 3186 civitates
629 3127 765 3186 externa
789 3122 898 3207 specie
912 3143 1085 3208 superasse
1102 3123 1259 3188 Prusam:
1284 3133 1352 3202 τοῖς
1372 3120 1474 3190 τοιού-

308 3255 373 3310 τοις
396 3241 451 3297 καῐ
475 3237 541 3297 τῶν
565 3228 907 3313 ἀστυγειτόνων
935 3231 1152 3316 ἐλειπόμεθα.
1199 3229 1318 3314 ltaque
1342 3229 1405 3294 Dio
1429 3229 1475 3292 ad

300 3331 382 3402 'rem
403 3335 666 3421 aggrediendum
684 3357 754 3417 esse
770 3343 871 3414 ratus,
896 3343 1074 3421 postquam
1091 3337 1273 3421 praefectos
1290 3337 1472 3415 Romanos

310 3444 368 3528 qui
396 3442 593 3508 iamdudum
618 3442 664 3507 rei
691 3442 860 3508 favebant
878 3442 1219 3529 [ἐσπουδακότων]1
1251 3443 1474 3508 inauxilium

299 3551 500 3636 *assumpsit
524 3550 708 3614 orationem
731 3549 850 3615 habuit
873 3551 913 3614 de
930 3572 1028 3636 opere
1045 3550 1201 3636 quodam,
1226 3573 1293 3636 quc
1310 3550 1476 3636 oppidum

295 3664 534 3724 *exornaretur
581 3657 693 3734 Quod
722 3656 820 3742 quale
853 3659 962 3738 fuerit,
995 3657 1058 3722 hoc
1088 3658 1159 3722 loco
1182 3680 1251 3723 nou
1275 3658 1388 3743 liquet,
1413 3659 1474 3724 sed

211 3791 214 3797 ·
310 3765 494 3830 tenendum
529 3770 578 3828 est
612 3763 653 3828 de
687 3786 772 3829 uno
808 3786 905 3850 opere
930 3765 1073 3829 Dionem
1107 3765 1210 3832 verba
1244 3767 1351 3832 iacere
1366 3768 1474 3856 {desp

296 3871 404 3963 ἱῖργον
446 3873 583 3950 τινος,
605 3901 607 3908 ·
626 3872 667 3936 ci.
706 3872 795 3936 inira
833 3869 921 3951 ὅπως
955 3874 1001 3959 μή
1034 3858 1158 3956 γένοιτο
1192 3876 1357 3964 οἷπρετὲς
1389 3877 1476 3962 μηδὲ

297 3979 467 4071 ια’χριῑονλ,
507 3978 597 4064 quod
631 3979 764 4043 initium
799 3978 863 4043 fuit
895 3979 985 4043 illius
1017 3979 1134 4044 Dionis
1169 3980 1280 4060 studii,
1315 3981 1404 4066 quod
1438 3981 1478 4045 in

311 4087 468 4152 omnibus
492 4087 559 4151 lere
583 4085 788 4151 orationibus
814 4085 998 4171 Bithynicis
1022 4085 1178 4152 defendit.

312 4281 626 4293 -ffl—A-——Qad

318 4352 327 4360 r
418 4355 493 4458 aaa
509 4353 541 4443 Ι2.
560 4387 637 4443 ἄλλα.
656 4387 724 4442 elle
738 4392 781 4442 καὶ
794 4389 902 4448 Reiske.
932 4395 956 4445 3.
969 4393 1147 4462 βουλομένων.
1159 4388 1324 4462 βουλόμενον
1342 4391 1375 4445 Β.
1389 4390 1429 4448 Μ.
1442 4422 1476 4432 -

312 4477 360 4547 τήν
379 4479 456 4546 Emp.
477 4481 521 4530 καὶ
540 4478 588 4544 τήν
607 4479 683 4546 reliq.
721 4485 745 4533 4.
764 4477 880 4534 (ianuar.
900 4477 1014 4532 ἁπασῶν
1037 4480 1146 4534 Reiske.
1175 4478 1276 4532 ἅπασιν
1302 4483 1373 4549 sus'pss
1396 4481 1479 4550 Εἴσῃ.

313 4575 337 4626 5,
358 4567 520 4644 ἐλειπόμεθα
541 4568 575 4622 Β.
594 4569 633 4622 Μ.
654 4585 674 4622 r.
694 4585 727 4622 cx
746 4567 977 4636 interprletutione
997 4564 1349 4642 Nugeorgil.·s’llsmaeipsdc
1367 4588 1392 4626 v.
1406 4588 1440 4625 m.
