3234 5312
652 370 873 436 ...35—

172 591 460 672 προθυμουμένων
490 595 545 651 καὶ
578 586 840 664 σπουδαζόντων,
868 582 931 652 dciv
961 590 1065 654 ἑκοντὶ
1090 584 1246 653 διδῶσιν·
1265 588 1342 655 οὐδὲ

170 686 238 779 γοὶρ
262 688 396 769 ἄκοντες
420 694 496 776 ὑμῖν
523 687 711 776 ὑπέσχοντο.
902 679 906 688 ’

286 795 340 876 ,At
363 796 529 882 indignati
553 798 692 862 fortasse
716 798 824 878 eratis
858 798 949 884 quod
981 819 1065 884 opus
1099 819 1168 863 non
1200 799 1343 883 perficie-

173 903 283 972 batur.
332 903 506 968 Pcrficitur
529 909 561 968 et
583 903 677 970 brevi
711 904 922 970 aedificatum
958 905 1019 970 erit
1041 905 1131 970 hisce
1165 905 1342 990 praecipue

174 1031 313 1095 operam
338 1009 496 1075 dantibus
520 1010 737 1096 studiumque
761 1010 1009 1092 adhibentibus,
1041 1012 1069 1076 si
1093 1012 1179 1076 ultro
1204 1011 1339 1077 dabunt.

172 1116 293 1201 Neque
317 1117 408 1182 enim
431 1117 529 1184 iuviti
552 1117 689 1202 polliciti
713 1119 810 1184 sunt’

283 1223 379 1288 Patet
414 1245 455 1288 ex
489 1223 541 1288 his
576 1223 687 1290 verbis
722 1225 822 1290 etiam
857 1225 1041 1290 orationem
1065 1226 1107 1290 48
1132 1246 1170 1291 eo
1194 1231 1342 1311 tempore

172 1329 328 1396 habitam
363 1351 443 1410 esse,
478 1352 546 1417 quo
579 1331 642 1396 Dic
671 1332 814 1417 patriam
843 1331 1001 1397 aedificiis
1030 1353 1148 1398 ornare
1179 1338 1340 1418 coeperat.

176 1438 338 1524 Disputat
362 1444 475 1504 autem
508 1437 549 1502 de
573 1438 699 1503 eisdem
733 1438 904 1524 symbolis,
940 1439 981 1506 de
1016 1439 1139 1524 quibus
1162 1440 1269 1518 45,16
1296 1439 1342 1526 [od

171 1546 243 1632 μὴν
278 1543 551 1634 προθυμούμενος
585 1549 706 1636 εὑρέθη
741 1558 795 1613 καὶ
842 1544 1058 1636 συμπράττων
1095 1585 1133 1594 -
1170 1546 1246 1614 ov’drl
1280 1548 1343 1632 γοὶρ

174 1653 312 1732 ἄκοντες
334 1654 413 1738 υμῖν
444 1654 633 1738 ὑπέσχοντο]
667 1651 804 1730 dixerat,
837 1637 895 1718 sed
927 1653 1114 1720 notandum
1149 1659 1198 1718 est
1228 1674 1343 1721 eorum

174 1758 242 1822 hac
277 1758 425 1823 oratione
459 1759 667 1824 mentionem
701 1759 828 1824 nullam
863 1760 944 1838 lieri,
981 1760 1041 1848 qui
1075 1766 1190 1826 contra
1224 1760 1343 1826 Dionis

173 1865 316 1930 consilia
339 1865 542 1932 exstiterant.
589 1865 678 1930 Nam
701 1866 802 1932 etiam

283 1973 336 2052 48,
349 1973 379 2036 9.
427 1973 458 2059 2)
484 1976 595 2040 οἴεσθε
619 1975 741 2063 α’γοροῖς
764 1986 819 2041 καὶ
834 1975 979 2064 θεάτρου
1003 1986 1059 2042 καὶ
1081 1988 1266 2061 γυμνασίων
1288 1985 1344 2042 καὶ

175 2086 351 2148 στοῶνκοιῑ
375 2081 548 2170 χρημάτων
571 2082 663 2150 εἶναί
681 2108 713 2147 τι
736 2079 850 2162 ὄφελος
872 2099 936 2158 τοῖς
960 2083 1190 2158 στασιάζουσιν
1198 2113 1208 2162 ,·

286 2186 387 2264 ,Num
411 2186 535 2271 putatis
567 2208 608 2252 ex
634 2187 715 2266 loro,
747 2187 886 2266 theatro,
920 2188 1115 2273 gymnasiis,
1151 2187 1342 2273 porticibus,

175 2293 299 2379 opibus
315 2292 492 2358 commoda
515 2293 624 2378 excipi
647 2315 668 2358 a
691 2293 971 2360 dissidentibusP'

283 2401 330 2465 ita
352 2399 433 2465 dicit
455 2400 529 2479 Dio,
555 2406 592 2466 ut
614 2400 793 2467 videantur
815 2423 932 2469 omues
956 2403 1045 2468 cives
1078 2423 1210 2472 summo
1234 2402 1344 2468 studio

174 2527 279 2593 opera
301 2506 358 2572 illa
382 2512 544 2592 expetere.
592 2507 744 2594 Itemque
777 2507 931 2574 videmus
959 2530 1028 2573 uon
1059 2508 1168 2574 solum
1205 2509 1245 2574 de
1277 2531 1345 2574 uua

173 2615 307 2701 porticu
330 2614 395 2700 agi,
430 2613 488 2679 sed
520 2613 561 2679 de
589 2614 662 2680 aliis
686 2635 821 2700 quoque
855 2616 1093 2694 monumentis,
1127 2615 1219 2701 quod
1254 2616 1343 2681 idem

173 2720 288 2808 prodit
314 2721 406 2786 locus

285 2829 337 2907 48,
356 2829 404 2894 12.
451 2829 483 2916 3)
507 2835 626 2907 οἴεσθε,
653 2826 703 2897 ὅτι
719 2842 792 2919 περὶ
817 2838 925 2898 στοοῖ
936 2859 951 2911 ς
974 2825 1017 2918 ἤν
1048 2829 1091 2898 dv
1114 2833 1187 2918 ἐμοὶ
1209 2832 1300 2912 λόγος
1323 2831 1344 2920 ἢ

174 2932 315 3004 ἄλλου
346 2932 486 3015 τινος,
513 2943 544 3002 εἰ
564 2932 674 3026 ἑώρων
697 2935 785 3024 ὑμᾶς
810 2940 1074 3027 διαφερομένους,1

285 3042 386 3120 ,Num
410 3063 463 3106 me
487 3043 634 3128 porticus
650 3044 704 3110 vel
723 3044 809 3108 alius
832 3044 1007 3110 cuiusdam
1042 3044 1150 3130 operis
1180 3045 1342 3110 rationem

174 3148 371 3214 habiturum
396 3149 521 3233 putatis
545 3170 625 3228 esse,
650 3150 761 3216 sivos
786 3151 953 3216 discordes
976 3151 1160 3220 viderem?'

290 3256 445 3333 Quocum
469 3256 620 3322 conferas
643 3257 732 3322 locos
748 3279 851 3344 supra
873 3258 1052 3324 illustratos
1075 3258 1129 3338 45,
1145 3259 1198 3323 12:
1223 3257 1259 3326 τό
1282 3267 1345 3345 μὲν

172 3361 362 3444 βούλεσθαι
386 3384 434 3448 sq.
461 3369 493 3428 et
515 3364 568 3442 48,
582 3365 611 3428 9.

284 3649 334 3713 De
358 3648 475 3712 Dionis
499 3647 540 3713 de
564 3649 672 3734 patria
694 3648 820 3716 meritis
844 3649 926 3715 haec
948 3649 1051 3734 igitur
1074 3648 1252 3716 discimus:

174 3755 217 3820 A.
254 3755 293 3818 Iu
317 3753 417 3820 rebus
442 3754 564 3821 divinis
588 3756 652 3820 Dio
676 3755 765 3821 cives
788 3754 985 3822 adiuvabat:
1010 3756 1064 3836 40,
1078 3759 1107 3821 5.

177 3861 217 3926 B.
254 3860 468 3946 Imperatoris
503 3861 661 3964 epistulas
696 3861 825 3928 civibus
858 3861 1003 3948 legebat:
1039 3863 1092 3942 40,
1102 3863 1133 3943 5,
1167 3864 1206 3928 cl.
1238 3862 1343 3942 4412

253 3973 287 4032 et
308 3968 427 4046 47,13.

175 4073 212 4142 Ο.
252 4074 466 4160 imperatoris
482 4073 634 4158 gratiam,
659 4096 728 4159 qua
743 4075 814 4160 ipse
830 4074 1013 4156 fruebatur,
1030 4075 1066 4140 in
1082 4076 1171 4142 cives
1187 4076 1341 4142 eontulit:

252 4182 371 4261 40,15.
396 4183 488 4260 45,3.

176 4381 495 4390 ψ

284 4489 358 4554 las.
397 4491 420 4542 1.
438 4489 536 4538 οἴεσθε.
556 4488 663 4537 οἴεσθαι
681 4484 722 4542 Μ.

285 4578 375 4646 48,12.
415 4579 438 4632 l.
457 4569 490 4640 ἢν
508 4572 551 4628 ἄν.
571 4572 640 4646 ἦραν
658 4573 699 4628 Μ.
