3234 5312
657 303 877 368 -39-

184 501 314 584 ρόμενοι
338 501 375 566 οδ
399 505 550 586 χαλκεῖον
566 498 602 569 ιδ
619 505 677 570 τοῦ
695 503 806 581 δεῖνος,
830 504 981 582 χαλεπῶς
1004 499 1139 586 ἔχοντες,
1157 507 1188 567 εἰ
1200 500 1244 586 μή
1258 517 1350 586 μενεῖ

184 614 289 676 ταῦτα
312 603 355 675 τοὶ
379 605 603 696 δπομνὴματα
627 612 683 695 τῆς
706 607 858 687 παλαιοῖς
881 609 1105 692 εὐδαιμονίας.

291 713 345 792 ,At
367 735 537 779 sermones
560 713 685 779 fiebant
706 714 814 790 multi,
838 735 948 799 neque
971 735 1050 781 vero
1074 736 1094 778 a
1116 714 1232 778 multis
1256 713 1347 798 iique

184 821 282 886 valde
302 820 477 886 iniucundi
492 843 546 886 mc
563 820 724 906 oppidum
742 821 918 900 suffodere,
935 820 1118 886 reddidisse
1134 822 1202 886 fere
1214 826 1348 886 vastum

184 929 314 994 civibus
338 928 495 1014 expulsis,
520 949 655 1012 perine
683 928 797 992 omnia
821 927 928 993 deleta
951 934 1052 1012 atque
1075 929 1216 993 confusa
1238 949 1348 1013 neque

185 1035 372 1121 quidquam
385 1035 553 1120 reliquum
566 1055 645 1100 esse.
679 1035 723 1099 Et
734 1035 888 1099 nonnulli
901 1040 1004 1114 erant,
1019 1034 1077 1121 qui
1087 1035 1349 1100 lamentarentur

184 1142 225 1207 de
249 1141 360 1206 fabrili
375 1141 551 1206 cuiusdam
574 1140 721 1206 hominis
739 1141 874 1207 officina
891 1141 1106 1227 indignantes
1129 1147 1350 1208 monumenta

172 1249 241 1314 illa
264 1249 422 1334 pristinae
445 1247 611 1314 felicitatis
635 1270 703 1312 non
727 1249 882 1314 manere’

290 1356 364 1421 Hoc
387 1355 459 1420 loco
483 1355 647 1420 exstitisse
670 1355 850 1420 nonnullos
874 1355 954 1422 dicit
976 1377 1044 1420 non
1062 1355 1195 1434 multos,
1210 1355 1269 1420 sed
1282 1376 1347 1434 eos,

183 1463 244 1549 qui
267 1485 365 1548 saepe
388 1469 420 1528 et
448 1461 564 1527 acerbe
595 1462 739 1527 Diouem
762 1462 999 1548 vituperarent,
1025 1462 1116 1549 quod
1148 1461 1266 1528 urbem
1297 1461 1349 1528 ds-

182 1576 329 1637 vastaret
344 1571 501 1655 civesque
518 1569 702 1655 expelleret.
738 1569 828 1634 Inter
852 1591 936 1655 quos
952 1591 1050 1655 porro
1074 1575 1180 1634 certos
1195 1569 1349 1635 homines

184 1678 371 1743 accuratius
395 1681 489 1742 notat
513 1679 583 1760 [καί
602 1703 687 1757 τινες
710 1669 796 1763 ἦσαν
820 1676 891 1763 sql,
916 1698 971 1742 eos
995 1676 1129 1755 scilicet,
1153 1677 1212 1762 qui
1235 1682 1350 1742 contra

182 1785 303 1851 Dionis
316 1784 523 1869 impietatem
536 1783 777 1862 declamabant,
791 1783 882 1869 quod
894 1783 1049 1850 fabrilem
1059 1784 1152 1849 illam
1169 1784 1348 1863 officinam,

181 1893 219 1956 in
232 1913 301 1978 qua
313 1897 533 1956 monumenta
549 1890 715 1976 quaedam
728 1891 886 1957 videntur
902 1891 1005 1956 fuisse
1021 1892 1072 1975 [cf.
1089 1891 1197 1968 47‚11.
1217 1891 1267 1956 16.
1287 1891 1349 1977 17],

182 1999 362 2064 deleverat.
402 1998 513 2084 Atque
537 1997 578 2063 de
602 1997 654 2062 his
677 1997 871 2063 hominibus
896 1997 1055 2063 disserere
1079 1997 1188 2084 pergit
1210 1997 1274 2063 Dio
1299 2020 1349 2064 us-

182 2128 249 2192 que
274 2105 318 2170 ad
340 2105 363 2191 ξ
388 2106 437 2170 12.
484 2104 635 2170 Primum
660 2110 773 2170 autem
796 2104 929 2169 illorum
954 2104 1149 2190 religionem
1173 2103 1350 2171 ridiculam

182 2235 255 2279 esse
279 2212 330 2290 iis,
355 2233 441 2297 quae
470 2218 666 2297 sequuntur,
701 2211 855 2297 exponit3
885 2211 1054 2277 officinam
1084 2211 1175 2276 enim
1208 2233 1350 2297 pronam

181 2321 219 2385 in
243 2320 377 2384 ruinam
396 2319 522 2385 civitati
538 2318 691 2384 dedecori
707 2324 740 2384 et
756 2318 960 2403 ignominiae
976 2318 1094 2404 magis,
1112 2339 1215 2404 quam
1231 2318 1351 2384 honori

181 2426 297 2492 fuisse.
345 2425 410 2491 Sed
432 2425 467 2490 id
499 2427 613 2511 ipsum
647 2426 721 2491 illos
751 2425 940 2505 delectasse‚
972 2447 1053 2491 nam
1075 2429 1227 2512 χαλεπῶς
1250 2425 1349 2511 εἶχον,

181 2536 205 2600 i.
234 2557 260 2599 e.
280 2533 401 2598 animis
426 2539 541 2598 contra
564 2532 733 2600 civitatem
749 2533 889 2598 infensis
905 2539 1008 2598 erant.
1056 2532 1186 2598 Deinde
1210 2532 1334 2618 pergit:

294 2641 379 2719 40,9.
419 2640 455 2727 3)
479 2643 551 2706 ἄλλ’
575 2640 661 2727 ὅμως
676 2634 761 2730 ἦσαν
778 2644 814 2708 οἳ
824 2640 977 2726 χαλεποῖς
992 2642 1102 2730 ἑώρων
1119 2637 1349 2726 ἀφανιζόμενα

181 2749 226 2816 τά
252 2765 368 2835 σημεῖα
392 2747 448 2833 τῆς
471 2748 659 2837 ἔμπροσθεν
682 2762 797 2822 πενίας
813 2759 869 2815 καὶ
886 2750 1029 2828 α’δοξίας,
1048 2740 1108 2833 οδχ
1124 2746 1176 2815 ὅτι
1191 2799 1197 2810 .
1214 2796 1220 2810 .
1236 2798 1242 2811 .
1257 2798 1262 2810 .
1279 2746 1349 2815 dtt’

183 2864 243 2926 ἳνα
268 2858 432 2942 μηδέποτε
447 2859 558 2942 μεῖζον
581 2851 672 2941 δμεῐς
695 2855 828 2923 ἐκείνων
850 2862 996 2942 φρονῆτε.

294 2961 333 3036 ,Ν
335 2961 530 3027 ihilominus
542 2983 621 3026 vero
645 2967 749 3040 erant,
767 2961 826 3047 qui
842 2961 1099 3046 indignarentur
1112 2959 1224 3026 diruta
1238 2960 1351 3025 viden-

180 3078 233 3136 tes
258 3069 376 3155 prioris
400 3068 605 3154 paupertatis
622 3075 654 3133 et
666 3068 836 3133 dedecoris
854 3068 1054 3147 testimonia,
1079 3090 1148 3132 non
1171 3068 1271 3154 quia.
1288 3119 1294 3132 .
1310 3120 1316 3133 .
1332 3120 1349 3146 .‚

180 3176 244 3242 ssd
266 3198 308 3242 ne
331 3175 427 3242 vobis
451 3174 645 3240 liberalitate
670 3196 822 3261 unquam
845 3174 1018 3241 cederent’

292 3300 392 3366 Redit
414 3300 516 3385 igitur
538 3299 591 3364 his
615 3299 725 3366 verbis
748 3299 813 3364 Dio
837 3300 880 3364 ad
912 3321 978 3379 eos,
1011 3322 1096 3386 quos
1126 3301 1194 3366 fere
1226 3300 1351 3366 eisdem

179 3407 295 3476 verbis
310 3408 333 3494 ξ
350 3409 369 3472 8
387 3407 633 3492 perstrinxerat.
666 3407 824 3472 Conferas
842 3407 945 3472 enim:
971 3400 1042 3475 dtr:
1061 3405 1144 3495 ὅμως
1159 3402 1245 3496 ἦσαν
1260 3413 1297 3476 οἳ
1314 3447 1348 3455 -

179 3529 246 3584 καί
264 3539 346 3590 τινες
368 3509 455 3602 ἦσαν
478 3522 516 3582 ot.
541 3519 694 3600 χαλεποῖς
717 3513 827 3602 ἑώρων
850 3517 1077 3602 ἀφανιζόμενα
1094 3514 1136 3582 roi
1154 3533 1270 3604 σημεῖα
1295 3521 1351 3601 τῆς

178 3624 375 3713 ἔμπροσθεν
398 3634 515 3702 πενίας
537 3635 594 3690 καὶ
611 3623 747 3702 οἷδοξίας
772 3659 803 3668 ·-
820 3624 975 3707 χαλεποῖς
991 3623 1126 3708 ἔχοντες,
1150 3629 1181 3689 εἰ
1200 3624 1244 3709 μή
1261 3641 1354 3709 μενεί

180 3731 294 3798 ταῦτα
311 3731 352 3796 τοὶ
378 3727 602 3815 ὑπομνήματα
621 3737 678 3816 τῆς
694 3728 845 3808 παλαιοῖς
862 3731 1081 3816 εὐδαιμονίας.
1114 3729 1158 3793 Et
1176 3729 1352 3815 perspicua

179 3843 235 3902 est
264 3835 508 3922 argumentatio
542 3836 689 3900 Dioniszo
712 3835 875 3900 Dictitant
906 3835 1088 3902 adversarii
1122 3857 1176 3900 me
1207 3836 1351 3921 impium

178 3965 267 4018 esse,
298 3942 389 4028 quod
411 3942 571 4027 pristinae
595 3942 761 4008 felicitatis
786 3943 976 4009 testimonia
998 3942 1127 4008 sustuli.
1161 3942 1206 4007 At
1217 3942 1350 4009 demon-

292 4249 400 4315 40,a.1.
421 4245 571 4314 ἐγίγνοντο.
591 4245 734 4314 ἐγίγνοντο
747 4244 823 4311 [corr.
843 4242 928 4312 vulg]
946 4242 985 4297 M.
1000 4249 1025 4297 2.
1036 4240 1142 4313 σφόδρα
1155 4240 1245 4308 ἀηδεῖς
1263 4243 1296 4301 Β.
1310 4243 1350 4302 Μ.

177 4334 300 4392 Casaub.
315 4351 336 4388 r.
356 4330 461 4403 σφόδρα
475 4331 548 4398 ἡδεῖς
561 4349 586 4390 v.
601 4349 634 4386 m.
672 4339 696 4386 5.
709 4329 736 4384 ui
747 4332 874 4404 χαλκεῖον
892 4330 921 4384 τὸ
935 4332 969 4389 Β,
983 4331 1022 4386 Μ.
1041 4348 1109 4400 mrg.
1129 4349 1164 4386 m.
1184 4327 1214 4385 τδ
1224 4333 1351 4404 χαλκεῖον

177 4443 234 4483 om.
248 4423 297 4481 rel.
317 4452 349 4462 —
364 4426 447 4494 μενεῖ.
459 4428 534 4494 μένει
546 4422 587 4477 Μ.
603 4429 627 4476 6,
643 4419 675 4474 τοὶ
695 4437 745 4476 om.
765 4421 798 4478 Β.
814 4449 845 4460 -
859 4419 1041 4493 εὐδαιμονίας,
1067 4421 1262 4493 δυσδαιμονίας
1274 4421 1349 4480 Geel.

291 4517 364 4582 40‚9.
403 4517 427 4570 1.
445 4511 537 4582 ἑώρων
555 4511 588 4566 Β.
608 4511 648 4568 Μ,
667 4510 782 4568 Gasaub.
800 4527 822 4564 r.
843 4507 917 4581 ὥραν
934 4526 960 4565 v.
979 4527 1014 4568 m.
