3234 5312
493 1385 541 1466 F.
586 1384 649 1467 Ile
676 1383 833 1466 Dlonls
862 1383 1027 1465 Prusae
1055 1407 1314 1469 sumnum.

423 1559 571 1628 Breviter
593 1562 648 1627 hio
671 1560 961 1647 eomprehendam,
986 1581 1072 1647 quae
1096 1561 1136 1626 de
1168 1561 1326 1648 temporis
1358 1559 1477 1646 spatie,

316 1691 375 1756 per
399 1669 489 1756 quod
512 1670 576 1734 Dio
600 1676 675 1755 post
697 1669 852 1734 exsilium
875 1669 999 1733 Prusae
1016 1669 1085 1733 sive
1109 1674 1332 1733 commoratus
1348 1667 1391 1732 sit
1406 1667 1479 1732 sive

317 1777 514 1842 commorari
541 1776 691 1854 voluerit,
716 1797 757 1840 ex
780 1775 833 1841 his
856 1775 1061 1840 orationibus
1085 1775 1252 1840 discimus.

423 1883 497 1959 Quo
521 1882 668 1948 adducor
691 1882 748 1960 eie,
779 1902 865 1966 quae
893 1881 984 1968 apud
1016 1882 1329 1948 Schoenemannum
1354 1903 1408 1967 pg.
1435 1881 1479 1946 84

317 1990 468 2075 legimus
492 1989 551 2074 qui
567 1990 748 2054 Prusenses
763 1988 844 2054 dicit
857 1995 1017 2074 regnante
1033 1987 1176 2054 Troiano
1194 1989 1348 2068 Dionem,
1365 1987 1479 2054 virum

316 2097 442 2182 patries
473 2097 750 2175 amantissimum,
782 2097 818 2160 in
850 2096 1004 2161 exsilium
1031 2097 1147 2182 egisse,
1179 2117 1246 2180 que
1280 2094 1320 2160 de
1351 2117 1385 2160 re
1415 2117 1479 2162 nos

317 2203 446 2288 delegat
475 2202 517 2268 ad
549 2203 636 2268 locos
668 2202 700 2267 II
724 2225 778 2288 pg.
808 2205 877 2267 192.
904 2204 977 2268 208.
1007 2204 1080 2267 212.
1107 2203 1155 2268 ed.
1182 2202 1312 2268 Reiske.
1359 2203 1479 2288 Neque

315 2331 394 2376 vero
422 2311 482 2374 192
505 2311 650 2390 0111208
674 2310 737 2375 1100
765 2310 891 2374 narrari
925 2308 1063 2394 quidem
1086 2310 1183 2376 video
1211 2315 1243 2375 et
1273 2332 1327 2395 pg.
1354 2310 1480 2374 212111

316 2417 463 2481 oratione
495 2417 616 2501 legitur
637 2417 690 2496 46,
721 2438 808 2502 quae
836 2417 863 2481 si
887 2417 1004 2482 Dionis
1039 2423 1097 2501 est,
1126 2422 1213 2482 uerte
1245 2417 1309 2482 alio
1341 2438 1480 2502 prorsus

318 2529 465 2608 tempore
489 2523 676 2609 conscripta
698 2530 756 2588 est.
804 2524 922 2609 Neque
946 2523 1053 2608 magis
1077 2523 1190 2609 probo,
1216 2522 1306 2609 quod
1330 2523 1483 2608 Breiting

317 2629 486 2695 contendit
498 2652 551 2716 pg.
574 2632 613 2694 18
639 2631 781 2695 Dionem
799 2637 874 2716 post
889 2631 1070 2696 orationem
1085 2631 1127 2695 50
1143 2629 1292 2695 habitam
1307 2630 1483 2715 reliquisse

317 2737 457 2802 Prusam
487 2742 519 2801 et
535 2744 649 2822 postea
665 2744 855 2802 revocatum
879 2737 1062 2802 orationem
1077 2737 1233 2802 habuisse
1257 2737 1300 2802 40
1327 2737 1368 2824 [et
1391 2737 1481 2823 4181.

424 2842 633 2908 Examinebo
657 2844 759 2928 igitur
789 2864 844 2908 eos
877 2844 975 2923 locos,
1009 2842 1133 2928 quibus
1165 2844 1228 2908 Dio
1262 2843 1302 2909 de
1334 2844 1484 2910 consiliis
1586 2887 1587 2924 3

319 2951 388 3016 sive
418 2949 577 3015 menendi
601 2951 724 3016 Prusae
757 2951 827 3017 sive
858 2949 1068 3037 relinquendi
1100 2951 1217 3016 urbem
1250 2950 1480 3036 disputaverit.
1586 2953 1587 2958 ’

319 3056 443 3122 Omitte
467 3063 579 3122 eutem
603 3078 658 3122 eos
681 3057 779 3136 locos,
804 3057 927 3142 quibus
951 3056 991 3122 de
1015 3056 1188 3123 itineribus
1212 3057 1376 3143 loquetur,
1393 3079 1485 3143 quae

319 3163 459 3230 diversis
475 3163 515 3228 de
539 3165 648 3229 oensis
671 3164 708 3228 in
723 3165 797 3229 finit
783 3170 878 3229 tuma
893 3163 1018 3250 oppida
1033 3164 1076 3229 ad
1100 3186 1151 3230 res
1168 3163 1317 3250 publices
1334 3163 1485 3249 agendas
1585 3215 1586 3218 ¹

319 3271 398 3335 inst
400 3271 463 3336 tuit
486 3277 544 3336 eut
567 3277 637 3336 eret
660 3271 738 3336 insti
740 3277 892 3351 t‚uurus
894 3271 1154 3336 tNieomediem
1180 3272 1274 3355 [384.
1293 3273 1367 3355 file
1368 3271 1484 3357 t-Apa
1585 3243 1586 3270 ¹

321 3398 431 3442 meam
456 3377 583 3463 [40251.
621 3378 738 3463 Neque
762 3377 939 3464 disputabo
962 3377 1003 3444 de
1026 3379 1134 3457 45,1,0
1159 3377 1217 3444 ubi
1240 3377 1320 3444 dicit
1307 3385 1378 3444 tse
1401 3378 1486 3444 elee-

319 3483 449 3568 tionum
473 3490 621 3568 tempore
644 3484 785 3550 Prueem
809 3508 868 3571 per
891 3507 1016 3572 paucos
1040 3485 1110 3551 dies
1139 3485 1320 3570 reliquisse.

424 3679 449 3744 I.
483 3681 567 3749 40.1.
627 3680 655 3768 l)
679 3681 846 3768 Ἐνόμιζον
871 3689 934 3766 μὲν
959 3733 1054 3746 .....
1080 3689 1141 3751 νῦν
1169 3687 1260 3766 γοῦν,
1293 3689 1325 3749 εἰ
1351 3693 1407 3750 καῖ
1438 3683 1486 3769 μή

321 3788 487 3878 πρότερον,
512 3788 605 3866 ἄξειν
629 3785 689 3874 τήν
713 3787 854 3855 ἅπασαν
877 3791 1015 3876 ἡσυχίαν
1038 3789 1130 3878 δεῦρο
1154 3791 1407 3875 ἀφικόμενα
1420 3819 1444 3870 ς.

428 3893 640 3973 ,Ρο10110111..
657 3947 663 3959 .
682 3895 764 3960 Ι1100
789 3894 927 3980 quidem
950 3902 1108 3980 tempore,
1133 3896 1161 3960 si
1177 3917 1245 3960 non
1269 3901 1376 3974 antee,
1400 3896 1489 3975 fore,
1583 3935 1584 3966 1

284 4073 289 4084 s
321 4007 368 4080 ut,
393 4022 469 4066 oum
492 4001 558 4065 hue
581 4001 816 4086 pervenissem,
841 4024 976 4087 prorsus
1000 4003 1066 4068 otio
1090 4003 1236 4068 fruerer'.

427 4108 502 4174 Non
527 4113 577 4172 est
599 4107 750 4188 dubium,
775 4109 859 4193 quin
882 4109 946 4173 Dio
970 4109 1080 4175 verbis
1104 4109 1197 4200 δεῦρο
1221 4112 1414 4197 ἀφικόμενος
1441 4109 1490 4176 de

322 4235 383 4278 suo
406 4222 481 4299 post
504 4215 659 4279 exsilium
681 4215 716 4279 in
740 4217 883 4301 petriam
906 4214 1015 4280 reditu
1032 4216 1188 4301 loquetur
1212 4215 1263 4300 [ad
1285 4216 1367 4281 illud
1392 4215 1491 4282 enirn
1582 4253 1583 4258 1

428 4539 501 4606 40,1.
540 4538 563 4589 1.
582 4535 633 4606 μὲν
652 4534 691 4588 Μ.
712 4551 764 4593 om.
783 4537 830 4590 rel.
859 4543 882 4591 2.
902 4535 983 4598 ἄξειν.
1002 4535 1070 4599 ἕξειν
1088 4538 1122 4598 Β.
