3234 5312
764 383 982 449 ..36-

290 581 329 644 D.
348 579 1449 666 Imprimisveropatriaemiseramcondicionemaegreierens:40,5

396 687 541 772 speciem
565 684 679 772 oppidi
704 670 825 771 augere
849 686 1012 766 studebat,
1037 686 1257 771 quamobrem

395 811 425 898 a)
449 810 606 876 aedificiis
631 811 840 876 exstruendis
864 832 1000 896 operam
1024 811 1134 889 dabat,
1169 811 1291 896 quibus
1315 811 1448 876 auctori·

448 925 550 983 tatem
573 918 700 1004 patriae
735 939 894 1002 magnam
919 924 1048 1004 partem
1083 918 1245 982 contineri
1279 918 1447 983 censebat:

446 1027 561 1103 40‚10.
610 1025 724 1104 45,12.
770 1025 886 1104 47,15,

447 1154 551 1217 quam
576 1153 646 1197 rem
670 1132 863 1217 imperatori
887 1153 1022 1217 quoque
1055 1153 1153 1197 curae
1177 1153 1248 1196 esse
1271 1153 1340 1196 non
1363 1133 1449 1217 igno·

446 1239 556 1305 rabat:
582 1240 698 1317 47,13.

446 1346 563 1431 Itaque
601 1346 642 1410 de
680 1346 881 1411 exstruenda
904 1347 1077 1432 porticu
1110 1344 1275 1410 orationes
1313 1345 1448 1411 habuit:

445 1454 531 1532 40‚5.
557 1456 585 1517 6.
611 1454 640 1518 9.
665 1453 773 1531 4512.
802 1455 851 1518 15.
898 1454 1006 1532 47‚15.
1035 1455 1084 1518 16.
1113 1453 1160 1518 17.
1191 1455 1239 1518 19.
1287 1453 1406 1532 48,12.

446 1559 1230 1645 ProbatoopereamagistratibusPrusensibus:
1250 1560 1303 1638 40,
1314 1562 1344 1625 6.
1355 1561 1451 1639 4516

445 1674 506 1731 eta
517 1667 738 1752 populo,curn
752 1688 852 1732 nemo
862 1666 1115 1732 contradiceret:
1127 1668 1214 1745 40,6.
1236 1668 1452 1746 45,16.47,14

445 1780 477 1838 et
498 1774 594 1839 initio
617 1773 816 1840 aedificandi
839 1775 941 1839 facto:
966 1776 1019 1852 40,
1034 1775 1062 1838 7.
1109 1775 1217 1852 4516

444 1881 518 1960 1)1ο,
543 1882 596 1946 cui
620 1902 704 1966 opus
729 1881 970 1966 perficiendum
994 1882 1211 1946 commissum
1236 1887 1323 1946 erat:
1358 1881 1452 1960 40,7,

443 1994 481 2052 ut
503 1987 657 2053 aedifiicii
681 1988 792 2053 locum
816 1988 995 2074 expediret,
1021 1987 1173 2053 fabrilem
1190 1988 1361 2074 quandam
1385 1989 1453 2053 offi-

445 2095 554 2158 cinam
580 2116 722 2180 pronam
746 2095 779 2159 in
805 2096 936 2160 ruinas:
960 2096 1043 2172 40,8
1067 2118 1118 2180 sq.

443 2201 641 2266 diruendam
665 2202 813 2268 curavit:
838 2203 931 2280 40,8.
979 2203 1164 2280 47,11.12.

445 2308 562 2393 Neque
575 2309 639 2373 Dio
656 2309 787 2394 porticu
812 2310 930 2384 solum,
956 2308 1014 2374 sed
1030 2308 1104 2373 aliis
1126 2329 1266 2394 quoque
1295 2308 1454 2374 aedificiis

449 2435 469 2478 a
492 2414 622 2480 civibus
646 2414 793 2501 probatis
816 2415 979 2501 oppidum
997 2416 1150 2480 exornari
1165 2415 1314 2480 volebat:
1339 2415 1453 2493 45,12.

449 2521 617 2601 48,9.12,

449 2635 481 2693 et
516 2635 642 2695 statuas
677 2636 805 2696 veteres
840 2629 946 2695 ruinis
980 2629 1115 2694 obrutas
1146 2629 1182 2693 in
1214 2629 1382 2714 integrum
1407 2651 1455 2695 re·

448 2736 571 2801 stituit:
596 2737 649 2815 47,
662 2738 711 2802 18.

448 2843 582 2908 Praeter
605 2844 774 2910 officinam
797 2845 889 2908 illam
913 2851 1133 2909 monumenta
1162 2865 1296 2929 quoque
1321 2843 1456 2929 publica

448 2971 541 3016 sacra
563 2951 635 3016 loco
658 2957 750 3016 mota
773 2958 868 3015 sunt:
894 2951 1012 3029 47,1t.
1031 2953 1079 3016 17.
1106 2990 1146 2998 -

449 3060 602 3134 Quorum
625 3079 765 3143 operum
789 3064 943 3143 sumptus
967 3058 1056 3124 cives
1079 3065 1213 3123 auctore
1237 3057 1344 3122 Dione
1367 3058 1456 3122 ultro

448 3163 511 3228 sibi
534 3165 768 3230 iniunxerunt:
793 3165 955 3243 411611.
1002 3166 1117 3243 45,16.
1164 3165 1280 3244 47,14,

447 3276 479 3336 et
501 3271 565 3335 Dio
597 3271 668 3356 ipse
705 3293 739 3336 se
771 3277 900 3356 partem
934 3271 1082 3356 aliquam
1110 3272 1271 3356 pecuniae
1295 3271 1455 3336 daturum

447 3399 517 3442 esse
541 3378 706 3463 promisit:
732 3380 785 3457 40,
796 3380 824 3442 3.
872 3380 986 3457 47‚l9.
1033 3379 1148 3456 48,11.

448 3484 513 3549 Sed
547 3505 624 3549 cum
652 3485 803 3571 pecuniis
827 3507 847 3549 a
870 3485 1041 3550 nonnullis
1077 3486 1212 3550 retentis
1248 3506 1349 3571 opera
1384 3507 1456 3549 non

450 3590 667 3676 procederent
689 3592 803 3670 47,19.
851 3593 969 3670 48,11,

446 3719 578 3762 summa
602 3698 727 3763 civium
750 3698 936 3784 indignatio
960 3705 1032 3763 orta
1056 3705 1112 3763 est.
1160 3699 1277 3784 Itaque
1301 3698 1375 3778 Dio,
1394 3700 1456 3783 qui

446 3803 517 3890 ipse
541 3826 675 3890 quoque
699 3806 860 3890 pecunias
877 3807 1057 3890 promissas
1073 3828 1142 3870 non
1161 3806 1312 3884 solverat,
1338 3825 1456 3890 quarn-

426 3933 549 3996 ¹quam
573 3911 638 3997 ipsi
662 3912 799 3998 quidem
823 3913 911 3978 cives
935 3911 1131 3997 parcebant:
1156 3914 1250 3990 40‚3.
1298 3913 1413 3990 48‚11,

320 4063 322 4067 -
450 4040 586 4104 operam
610 4018 720 4098 dabat,
757 4025 794 4084 ut
829 4019 990 4104 pecuniae
1020 4020 1231 4104 exigerentur
1255 4018 1297 4084 ab
1320 4019 1370 4095 iis,
1395 4019 1460 4104 qui

448 4126 687 4212 promiserant:
711 4126 838 4204 47,19;
864 4127 903 4190 cf.
930 4147 974 4191 or.
1000 4126 1052 4190 48.

394 4250 427 4338 b)
464 4251 705 4316 Auctoritatem
728 4273 807 4318 vero
830 4251 956 4336 patriae
980 4251 1126 4316 maxime
1143 4251 1257 4336 augeri
1276 4271 1372 4337 posse
1389 4251 1459 4315 exi-

449 4358 615 4435 stimabat,
641 4358 668 4422 si
693 4358 809 4424 civitas
826 4357 1074 4443 synoecismum
1091 4358 1261 4444 quendam
1277 4356 1459 4443 probaret:

445 4466 554 4544 45‚13,

422 4571 488 4638 ‘de
511 4592 578 4658 quo
603 4570 795 4656 saepissime
820 4594 854 4637 se
878 4572 1001 4638 dixisse
1024 4571 1215 4637 contendit:
1240 4571 1348 4652 45,14,
