3234 5312
651 321 849 386 ..5.-

169 519 294 604 gratias
317 517 513 604 Imperatori
537 517 716 601 agendum,
749 539 808 603 pro
832 517 962 582 indulto
993 517 1066 582 iure
1098 517 1160 581 lori
1188 517 1329 602 agendi!

170 626 235 690 Sed
259 625 380 691 detali
404 624 540 689 consilio
565 646 606 688 ne
630 624 731 690 verbo
756 625 893 710 quidem
917 625 1106 709 expositum
1138 624 1245 688 estin
1269 623 1332 688 hac

170 733 327 797 oratione.
363 732 470 796 Immo
495 731 576 796 haec
599 730 719 817 legatio
742 732 810 797 iam
833 731 965 798 videtur
988 731 1133 809 rediisse,
1159 737 1196 794 ut
1220 731 1330 796 statim

169 839 367 905 videbimus.
415 839 532 923 Itaque
556 837 658 904 verba
681 831 735 906 ἐπ’
759 840 841 908 αὐτὸ
859 838 953 907 τοῦτο
976 844 1035 903 aut
1057 836 1101 903 ad
1116 837 1151 902 id
1170 843 1330 923 spectant,

170 946 210 1011 de
240 968 307 1032 quo
342 952 411 1011 tota
445 944 592 1009 oratione
628 944 826 1030 disputatur,
862 945 986 1022 scilicet
1017 945 1058 1009 de
1094 943 1330 1022 simultatibus

170 1075 256 1139 quae
280 1054 534 1118 intercesserant
564 1052 650 1116 inter
673 1053 855 1118 Prusenses
887 1059 919 1117 et
947 1052 1164 1137 Apamenses
1199 1033 1257 1116 aut
1289 1051 1332 1116 ad

169 1161 214 1238 id,
231 1160 322 1246 quod
341 1158 509 1245 praecedit
524 1160 560 1227 οδ
579 1160 638 1228 νῦν
654 1156 865 1248 συμβεβηκός,
882 1159 917 1223 id
933 1159 1038 1224 estad
1057 1157 1329 1223 iurisdictionem.

170 1267 234 1332 Sed
252 1267 339 1332 illius
356 1287 457 1332 causa
472 1287 605 1331 necesse
622 1288 690 1330 non
710 1272 779 1331 erat
796 1265 964 1350 Apameae
981 1287 1083 1332 naves
1099 1265 1330 1331 conscendere.

170 1376 286 1440 Restat
309 1374 419 1459 igitur,
445 1380 482 1437 ut
505 1373 546 1436 de
569 1373 685 1458 legatis
702 1373 895 1458 cogitemus,
920 1374 979 1458 qui
995 1372 1037 1438 ad
1055 1372 1207 1459 regiones
1224 1393 1332 1458 nuper

169 1481 390 1546 iurisdictioni
423 1480 580 1544 Pruscnsi
615 1480 780 1545 subiectas
816 1480 929 1565 aliqua
965 1479 1005 1545 de
1041 1501 1142 1545 causa
1176 1480 1331 1546 visendas

169 1588 312 1656 navibus
336 1587 429 1652 usuri
453 1593 555 1652 erant.
603 1587 668 1652 Sed
692 1609 782 1652 nunc
805 1587 903 1652 redeo
927 1587 967 1652 ad
992 1588 1014 1673 ἓ
1040 1587 1089 1651 14.

276 1713 385 1791 loll.
410 1711 441 1800 3)
457 1720 486 1779 ολ
499 1715 534 1780 δὲ
546 1715 762 1796 ἐλογοποίουν,
780 1711 831 1781 ὅτι
847 1731 912 1792 τοῖς
924 1721 1119 1801 Σμυρναίοις
1130 1713 1331 1799 παμπόλλας

170 1822 293 1910 δωρεοές
318 1822 382 1910 δῴη
406 1831 462 1886 καὶ
478 1820 630 1908 χρήματα
655 1813 812 1906 α’μύθητα
837 1833 981 1913 πέμψειε
1006 1873 1011 1884 .
1039 1872 1045 1883 .
1073 1873 1077 1884 .
1105 1873 1111 1884 .
1137 1832 1191 1887 καὶ
1214 1819 1251 1907 νὴ
1276 1813 1331 1886 Δί’

169 1932 211 2007 ὦς
243 1929 343 1996 ἄλλον
381 1928 468 2007 τινὸς
497 1927 731 2012 διαλεχθέντος
760 1942 891 2018 μυρίους
921 1935 982 2010 μὲν
1011 1931 1102 2018 αὐτῷ
1134 1928 1331 2013 συνεχώρησε

168 2035 353 2116 βουλευιοές,
378 2046 507 2123 χρυσίου
531 2027 708 2101 δ’ἔκέλευσε
724 2031 877 2121 ποταμδν
892 2041 935 2108 εἰς
959 2033 1019 2122 τήν
1042 2031 1139 2102 πόλιν
1163 2042 1330 2122 τραπῆναι

169 2155 224 2211 καὶ
247 2139 401 2231 μυριάδες
426 2137 560 2232 ἄπειροί
578 2169 661 2221 τινες
684 2139 862 2229 ἐδόθησαν.

275 2266 512 2352 Disputaverat
534 2265 570 2329 in
593 2265 867 2352 praecedentibus
892 2266 955 2331 Dio
980 2266 1020 2331 de
1044 2266 1251 2352 malignitate
1276 2265 1329 2330 ad·

170 2375 400 2452 versariorum,
425 2373 484 2458 qui
507 2373 582 2438 odio
600 2380 632 2438 et
647 2373 697 2438 ira
712 2373 911 2438 inflammati
928 2396 969 2439 nc
985 2374 1177 2460 imperatori
1193 2373 1331 2459 quidem

169 2486 351 2568 parcerent,
387 2503 463 2546 cum
499 2502 596 2565 aegre
631 2482 764 2560 ferrent,
800 2480 891 2567 quod
924 2481 1023 2567 legati
1047 2481 1264 2546 Prusensium
1287 2480 1330 2546 ad

168 2589 292 2674 gratias
327 2586 496 2672 agendum
528 2587 622 2652 missi
657 2590 802 2673 [propter
832 2609 1024 2654 concessam
1056 2587 1327 2653 iurisdictionem.

169 2697 218 2760 De
242 2717 281 2760 ea
304 2696 394 2760 enim
410 2695 464 2780 agi
480 2694 621 2773 videtur,
646 2695 707 2760 etsi
723 2695 950 2781 imperatoris*
968 2717 1092 2760 nornen
1108 2715 1177 2759 non
1194 2696 1327 2780 legitur;

169 2803 226 2868 sed
249 2802 428 2869 verisimile
452 2807 501 2867 est
533 2802 634 2866 talem
656 2802 856 2887 legationem
886 2803 1024 2868 missam
1048 2805 1127 2886 esse]
1163 2802 1254 2867 haud
1277 2803 1329 2868 be-

168 2911 270 2996 nigne
294 2910 423 2994 excepti
446 2915 564 2974 essent.
612 2910 701 2974 Tum
725 2910 833 2996 pergit
854 2911 917 2974 Dio
936 2911 1027 2994 [haec
1051 2910 1140 2975 enim
1165 2911 1330 2975 sententia

168 3017 299 3083 videtur
323 3016 457 3082 subesse
490 3016 600 3082 verbis
635 3038 737 3106 supra
771 3013 959 3102 propositis]
996 3016 1078 3082 alios
1112 3039 1210 3102 aegre
1244 3018 1329 3082 ferre

168 3124 331 3189 nonnulla
343 3123 517 3210 privilegia
533 3124 605 3188 aliis
621 3123 811 3190 civitatibus
828 3145 984 3190 concessa
1000 3123 1189 3204 desiderari,
1207 3147 1328 3210 nempe

169 3232 329 3318 pecunias
347 3236 378 3296 et
394 3231 542 3296 nummis
561 3231 679 3295 missas
698 3229 1193 3324 λχρήμαυα...πέμψειε.
1214 3261 1328 3324 μυρι-

166 3336 525 3427 άδες...ἐδόθησαν]
558 3344 590 3402 et
628 3360 668 3403 ex
696 3337 913 3423 vectigalibus
949 3339 1151 3425 profluentes
1191 3339 1328 3429 [χρυσίου

169 3447 407 3514 δ’διιέλευσε
430 3447 581 3532 ποταμόν
605 3453 649 3525 εἰς
673 3447 733 3534 τήν
755 3447 853 3512 πόλιν
877 3442 1054 3535 τραπῆναι]
1082 3452 1114 3510 et
1137 3453 1326 3511 senatorum

166 3553 426 3619 multitudinem.
486 3553 587 3617 Plura
627 3552 681 3618 hic
717 3546 875 3617 discimus
911 3552 951 3617 de
986 3552 1168 3638 privilegiis
1185 3554 1328 3642 ‚Prusae

166 3662 339 3726 concessis.
387 3659 475 3725 Nam
506 3660 534 3724 si
558 3665 744 3744 queruntur
768 3659 983 3724 Prusensium
1015 3659 1168 3724 nonnulli
1198 3661 1328 3726 minora

166 3768 230 3833 sibi
258 3766 445 3832 redundare
481 3788 521 3831 ex
556 3766 774 3852 vectigalibus
809 3766 984 3831 commoda
1018 3767 1181 3852 pluraque
1218 3789 1252 3832 se
1276 3789 1327 3832 ex·

168 3881 334 3960 spectasse
358 3875 589 3959 minoremque
614 3895 684 3939 esse
709 3881 900 3939 senatorum
924 3895 1113 3950 numerum,
1146 3880 1237 3959 patet
1259 3896 1328 3939 non

165 3983 276 4048 solum
291 3980 537 4060 iurisdictionis
556 3980 730 4046 sedetiam
747 3981 1044 4046 administrationis
1061 3981 1134 4045 iura
1151 3981 1327 4067 contigisse

165 4089 217 4155 iis.
265 4087 490 4172 Vectigalium
513 4093 625 4153 autem
650 4088 885 4166 emolumenta,
911 4088 938 4153 si
961 4088 1092 4152 minora
1117 4087 1326 4168 videbantur,

271 4449 358 4514 lonc.
396 4449 420 4501 3.
441 4442 518 4504 ιινὸς,
538 4442 611 4504 τινός
629 4441 665 4495 δν
683 4443 792 4499 Reiskc.
829 4448 854 4500 4.
874 4443 899 4493 δ’
919 4443 959 4512 Μ,
979 4443 1009 4494 δὲ
1026 4441 1132 4509 reliqui.

271 4534 284 4564 '
304 4535 339 4590 cl.
359 4538 429 4605 45³&
447 4534 494 4589 ubi
513 4535 605 4589 eodem
625 4533 701 4587 modo
721 4532 845 4587 Caesaris
863 4547 959 4587 nomen
978 4537 1092 4588 tacetur.
