3198 5310
755 362 975 425 „74-

281 557 329 621 fui
353 556 584 642 proseminarii
608 556 767 622 Kiliensis
791 577 849 641 per
876 557 948 632 tria,
984 554 1212 640 Gottingensis
1245 575 1305 638 per
1335 574 1444 617 unum

281 669 447 741 semestre,
461 663 630 727 seminarii
643 663 802 728 Kiliensis
814 684 874 748 per
890 663 1040 748 quinque
1057 662 1237 727 semestria.
1268 661 1444 724 Praeterea

281 769 572 834 exercitationibus
619 769 858 855 philosophicis
906 770 1051 847 intertui,
1100 791 1184 854 quas
1226 768 1445 834 instituerunt

280 877 430 942 Deussen
456 884 487 940 et
511 877 650 961 Glogau
686 899 787 961 quern
823 898 931 962 nuper
966 876 1076 942 subita
1111 883 1143 941 et
1166 875 1300 961 lugubri
1335 883 1443 939 morte

283 984 406 1069 patriae
442 991 474 1048 et
509 984 624 1048 litteris
655 991 807 1069 ereptum
843 1005 913 1049 esse
948 1005 1159 1069 summopere
1183 981 1287 1049 doleo,
1336 982 1444 1046 Docu-

280 1097 378 1155 erunt
401 1112 454 1155 me
477 1091 540 1155 viri
564 1090 651 1156 docti
675 1091 779 1169 Blass
810 1091 930 1170 Bruns,
966 1091 1091 1169 Busolt,
1125 1091 1241 1170 Cauer,
1280 1090 1443 1166 Deussen‚

281 1197 542 1262 Forchharnruer
554 1195 606 1283 (†),
630 1197 656 1262 F
658 1204 791 1276 oerster‚
828 1199 958 1283 Glogau
973 1196 1029 1283 (†),
1065 1198 1314 1269 Klostermann.
1339 1195 1441 1260 Wilh.

281 1304 402 1388 Meyer,
450 1304 585 1369 Moeller
617 1303 670 1392 (†)‚
721 1305 791 1370 Nic.
829 1305 974 1384 Mociler,
1009 1304 1190 1383 Rossbach,
1229 1303 1363 1389 Sauppe
1387 1302 1442 1390 (i),

280 1411 439 1489 Schoene,
464 1434 495 1477 v.
522 1411 993 1491 Wilamowitz-Moellendorii,
1031 1412 1154 1497 quibus
1189 1411 1252 1477 hoo
1276 1412 1347 1477 loco
1371 1431 1443 1496 gra·

280 1519 342 1583 tias
378 1540 440 1602 ago
476 1540 580 1604 quarn
614 1518 788 1584 maximas.
847 1519 1006 1584 Extrema
1040 1520 1104 1584 tria
1147 1518 1318 1584 semestria
1349 1516 1444 1582 domi

280 1632 428 1690 moratus
464 1646 538 1689 surn
573 1625 652 1690 huic
687 1625 909 1690 dissertationi
944 1626 1194 1711 componendae
1229 1647 1365 1711 operam
1390 1645 1442 1689 ex-

280 1731 412 1810 hibens;
438 1753 578 1796 examen
592 1732 777 1817 rigorosum
790 1734 944 1818 superavi
961 1733 1014 1797 die
1038 1733 1079 1798 II.
1106 1755 1210 1798 mens.
1240 1733 1325 1818 Aug.
1340 1731 1443 1796 huius

280 1838 370 1904 anni.
424 1839 606 1904 Revocavit
640 1846 753 1904 autern
787 1840 815 1905 J.
841 1841 951 1904 Brnns
986 1862 1040 1904 nre
1063 1839 1106 1904 ad
1134 1839 1278 1906 Dionem
1302 1838 1443 1924 Chryso-

281 1952 427 2009 stornunr
452 1951 483 2010 et
506 1967 559 2010 me
584 1945 702 2010 studiis
726 1945 790 2011 illis
814 1946 1064 2012 incumbentem
1088 1946 1316 2012 liberalissime
1340 1967 1443 2029 opera

280 2059 312 2115 et
346 2051 482 2116 consilio
518 2051 655 2131 adiuvit,
691 2074 800 2138 neque
836 2075 988 2140 unquam
1012 2053 1095 2118 mihi
1120 2052 1234 2118 defuit.
1282 2053 1346 2117 Pro
1373 2073 1444 2137 qua

280 2158 510 2224 benevolentia
533 2180 647 2223 meum
671 2160 732 2224 erit
756 2181 887 2246 semper
909 2168 1042 2246 gratum
1066 2183 1119 2227 me
1143 2166 1318 2246 praestare.
